Reference on Pb specific heat data
@inbook{parks1969superconductivity,
    title = {Superconductivity},
    author = {G, Gladstone and M. A. Jensen and J. R. Schrieffer},
    editor = {R. D. Parks},
    edition = {1},
    volume = {2},
    publisher = {Marcel Dekker Inc.},
    pages = {734},
    year = {1969},
} 

Fletchers work on penetration depth of LaFePO and the nodal gap nature
@article{fletcher2009evidence,
  title={{Evidence for a Nodal-Line Superconducting State in LaFePO}},
  author={Fletcher, JD and Serafin, A. and Malone, L. and Analytis, JG and Chu, J.H. and Erickson, AS and Fisher, IR and Carrington, A.},
  journal={Physical review letters},
  volume={102},
  number={14},
  pages={147001},
  year={2009},
  publisher={APS}
}

Amalia's paper
@article{coldea2008fermi,
  title={{Fermi surface of superconducting LaFePO determined from quantum oscillations}},
  author={Coldea, AI and Fletcher, JD and Carrington, A. and Analytis, JG and Bangura, AF and Chu, J.H. and Erickson, AS and Fisher, IR and Hussey, NE and McDonald, RD},
  journal={Physical review letters},
  volume={101},
  number={21},
  pages={216402},
  year={2008},
  publisher={APS}
}

Another article on dHvA
@article{carrington2009quantum,
  title={{Quantum oscillation studies of the Fermi surface of LaFePO}},
  author={Carrington, A. and Coldea, AI and Fletcher, JD and Hussey, NE and Andrew, CMJ and Bangura, AF and Analytis, JG and Chu, J.H. and Erickson, AS and Fisher, IR and others},
  journal={Physica C: Superconductivity},
  volume={469},
  number={9-12},
  pages={459--468},
  year={2009},
  publisher={Elsevier}
}

Measurements on polycrystalline, stoichiometric, LaFePO
@article{mcqueen2008intrinsic,
  title={{Intrinsic properties of stoichiometric LaFePO}},
  author={McQueen, TM and Regulacio, M. and Williams, AJ and Huang, Q. and Lynn, JW and Hor, YS and West, DV and Green, MA and Cava, RJ},
  journal={Physical Review B},
  volume={78},
  number={2},
  pages={24521},
  year={2008},
  publisher={APS}
}

Thermal conductivity measurements of single crystal of LaFePO - no angle resolved, shows evidence for two band nature
@article{yamashita2009thermal,
  title={{Thermal conductivity measurements of the energy-gap anisotropy of superconducting LaFePO at low temperatures}},
  author={Yamashita, M. and Nakata, N. and Senshu, Y. and Tonegawa, S. and Ikada, K. and Hashimoto, K. and Sugawara, H. and Shibauchi, T. and Matsuda, Y.},
  journal={Physical Review B},
  volume={80},
  number={22},
  pages={220509},
  year={2009}
}

Tc of LaFePO
@article{kamihara2008electromagnetic,
  title={{Electromagnetic properties and electronic structure of the iron-based layered superconductor LaFePO}},
  author={Kamihara, Y. and Hirano, M. and Yanagi, H. and Kamiya, T. and Saitoh, Y. and Ikenaga, E. and Kobayashi, K. and Hosono, H.},
  journal={Physical Review B},
  volume={77},
  number={21},
  pages={214515},
  year={2008},
  publisher={APS}
}

