
Introduction to DhVA and Landau levels
@article{Chambers:1956,
  author = {R. G. Chambers},
  title = {Our knowledge of the fermi surface},
  journal = {Canadian Journal of Physics},
  volume = {34},
  pages = {1395--1423}
}

Landau levels
@book{Singleton:2004,
  author = {J. Singleton},
  title = {Band theory and the electronic structure of solids},
  edition = {1},
  publisher = {Oxford University Press},
  year = {2004},
  series = {Oxford Master Series In Condensed Matter Physics}
}
