@article{Cox1995,
author = {Cox, Daniel L and Maple, M Brian},
doi = {10.1063/1.881443},
journal = {Physics Today},
pages = {32},
volume = {48},
year = {1995}
}
@article{Ando2004,
author = {Ando, Yoichi and Kurita, Y. and Komiya, Seiki and Ono, S. and Segawa, Kouji},
doi = {10.1103/PhysRevLett.92.197001},
journal = {Physical Review Letters},
pages = {13--16},
volume = {92},
year = {2004}
}
@article{Hashimoto2008,
author = {Hashimoto, M. and Yoshida, T. and Yagi, H. and Takizawa, M. and Fujimori, A. and Kubota, M. and Ono, K. and Tanaka, K. and Lu, D. and Shen, Z.-X. and Ono, S. and Ando, Yoichi},
doi = {10.1103/PhysRevB.77.094516},
journal = {Physical Review B},
pages = {1--9},
volume = {77},
year = {2008}
}
@article{Analytis2009,
author = {Analytis, J. G. and Andrew, C. M. J. and Coldea, A. I. and McCollam, A. and Chu, J. H. and McDonald, R. and Fisher, I. R. and Carrington, A.},
doi = {10.1103/PhysRevLett.103.076401},
journal = {Physical Review Letters},
pages = {1--4},
volume = {103},
year = {2009}
}
@article{Berciu2009,
author = {Berciu, Mona and Elfimov, Ilya and Sawatzky, George},
doi = {10.1103/PhysRevB.79.214507},
journal = {Physical Review B},
pages = {1--15},
volume = {79},
year = {2009}
}
@article{Rullier-Albenque2011,
author = {Rullier-Albenque, F. and Alloul, H. and Rikken, G.},
doi = {10.1103/PhysRevB.84.014522},
journal = {Physical Review B},
pages = {1--21},
volume = {84},
year = {2011}
}
@book{Burke2003a,
author = {Burke, Kieron},
title = {The ABC of DFT},
year = {2003}
}
@article{Braicovich2009,
author = {Braicovich, L. and Ament, L. and Bisogni, V. and Forte, F. and Aruta, C. and Balestrino, G. and Brookes, N. and {De Luca}, G. and Medaglia, P. and Granozio, F. and Radovic, M. and Salluzzo, M. and van den Brink, J. and Ghiringhelli, G.},
doi = {10.1103/PhysRevLett.102.167401},
journal = {Physical Review Letters},
pages = {22--25},
volume = {102},
year = {2009}
}
@article{Haverkort2008,
author = {Haverkort, M. and Elfimov, I. and Tjeng, L. and Sawatzky, G. and Damascelli, A.},
doi = {10.1103/PhysRevLett.101.026406},
journal = {Physical Review Letters},
pages = {4--7},
volume = {101},
year = {2008}
}
@article{Fruchter2008,
author = {Fruchter, L. and Li, Z. Z. and Raffy, H.},
doi = {10.1140/epjb/e2008-00352-1},
eprint = {0809.1597},
journal = {arxiv.org},
pages = {1--12},
year = {2008}
}
@article{Ando1999,
author = {Ando, Yoichi and Murayama, T},
doi = {10.1103/PhysRevB.60.R6991},
journal = {Physical Review B},
pages = {R6991--R6994},
volume = {60},
year = {1999}
}
@article{Kimber2009,
author = {Kimber, Simon a J and Kreyssig, Andreas and Zhang, Yu-Zhong and Jeschke, Harald O and Valent\'{\i}, Roser and Yokaichiya, Fabiano and Colombier, Estelle and Yan, Jiaqiang and Hansen, Thomas C and Chatterji, Tapan and McQueeney, Robert J and Canfield, Paul C and Goldman, Alan I and Argyriou, Dimitri N},
doi = {10.1038/nmat2443},
journal = {Nature Materials},
pages = {471--5},
publisher = {Nature Publishing Group},
volume = {8},
year = {2009}
}
@article{LeBoeuf2011,
author = {LeBoeuf, David and Doiron-Leyraud, Nicolas and Vignolle, B. and Sutherland, Mike and Ramshaw, B. and Levallois, J. and Daou, R. and Lalibert\'{e}, Francis and Cyr-Choini\`{e}re, Olivier and Chang, Johan and Jo, Y. and Balicas, L. and Liang, Ruixing and Bonn, D. and Hardy, W. and Proust, Cyril and Taillefer, Louis},
doi = {10.1103/PhysRevB.83.054506},
journal = {Physical Review B},
pages = {1--14},
volume = {83},
year = {2011}
}
@article{Kim2011,
author = {Kim, Yeongkwan and Oh, Hyungju and Kim, Chul and Song, Dongjoon and Jung, Wonsig and Kim, Beomyoung and Choi, Hyoung and Kim, Changyoung and Lee, Bumsung and Khim, Seunghyun and Kim, Hyungjoon and Kim, Keehoon and Hong, Jongbeom and Kwon, Yongseung},
doi = {10.1103/PhysRevB.83.064509},
journal = {Physical Review B},
pages = {1--5},
volume = {83},
year = {2011}
}
@article{Tesanovic2011,
author = {Tesanovic, Zlatko},
doi = {10.1038/nphys1973},
journal = {Nature Physics},
pages = {283--284},
publisher = {Nature Publishing Group},
volume = {7},
year = {2011}
}
@article{Zhang2011a,
author = {Zhang, Y and Yang, L X and Xu, M and Ye, Z R and Chen, F and He, C and Xu, H C and Jiang, J and Xie, B P and Ying, J J and Wang, X F and Chen, X H and Hu, J P and Matsunami, M and Kimura, S and Feng, D L},
doi = {10.1038/nmat2981},
journal = {Nature Materials},
pages = {273--7},
publisher = {Nature Publishing Group},
volume = {10},
year = {2011}
}
@article{Kamihara2006,
author = {Kamihara, Yoichi and Hiramatsu, Hidenori and Hirano, Masahiro and Kawamura, Ryuto and Yanagi, Hiroshi and Kamiya, Toshio and Hosono, Hideo},
doi = {10.1021/ja063355c},
journal = {Journal of the American Chemical Society},
pages = {10012--3},
volume = {128},
year = {2006}
}
@article{Kivelson2003,
author = {Kivelson, S A and Bindloss, I P and Oganesyan, V and Tranquada, J. M. and Kapitulnik, A. and Howald, C.},
doi = {10.1103/RevModPhys.75.1201},
journal = {Reviews of Modern Physics},
pages = {1201--1241},
volume = {75},
year = {2003}
}
@book{Dressel2002,
author = {Dressel, M and Gruner, G},
isbn = {0 521 59726 9},
pages = {126},
publisher = {Cambridge University Press},
title = {Electrodynamics Of Solids},
year = {2002}
}
@article{McQueen2008,
author = {McQueen, T. and Regulacio, M. and Williams, A. and Huang, Q. and Lynn, J. and Hor, Y. and West, D. and Green, M. and Cava, R.},
doi = {10.1103/PhysRevB.78.024521},
journal = {Physical Review B},
pages = {1--7},
volume = {78},
year = {2008}
}
@article{Yin2008,
author = {Yin, Z. P. and Leb\`{e}gue, S. and Han, M. J. and Neal, B. P. and Savrasov, S. Y. and Pickett, W. E.},
doi = {10.1103/PhysRevLett.101.047001},
journal = {Physical Review Letters},
pages = {1--4},
volume = {101},
year = {2008}
}
@article{Ikeda2010,
author = {Ikeda, Hiroaki and Arita, R. and Kune\v{s}, Jan},
doi = {10.1103/PhysRevB.81.054502},
journal = {Physical Review B},
pages = {1--15},
volume = {81},
year = {2010}
}
@article{Oh2011,
author = {Oh, Hyungju and Moon, Jisoo and Shin, Donghan and Moon, Chang-youn and Choi, Hyoung Joon},
eprint = {1201.0237},
journal = {arxiv.org},
pages = {20},
year = {2011}
}
@article{Konstantinovic2003,
author = {Konstantinovi\'{c}, Z. and Bras, G. L. and Forget, A. and Colson, D. and Jean, F. and Collin, G. and Li, Z. Z. and Raffy, H. and Ayache, C.},
journal = {Europhysics Letters},
pages = {257},
publisher = {IOP Publishing},
volume = {62},
year = {2003}
}
@article{Nicholson2011,
author = {Nicholson, Andrew and Luo, Qinlong and Ge, Weihao and Riera, Jos\'{e} and Daghofer, Maria and Martins, George and Moreo, Adriana and Dagotto, Elbio},
doi = {10.1103/PhysRevB.84.094519},
journal = {Physical Review B},
pages = {1--13},
volume = {84},
year = {2011}
}
@article{Doiron-Leyraud2012,
author = {Doiron-Leyraud, Nicolas and Taillefer, Louis},
doi = {10.1016/j.physc.2012.04.040},
journal = {Physica C: Superconductivity},
pages = {161--167},
volume = {481},
year = {2012}
}
@article{Coldea2008,
author = {Coldea, a. and Fletcher, J. and Carrington, A. and Analytis, J. and Bangura, A. and Chu, J.-H. and Erickson, A. and Fisher, I. and Hussey, N. and McDonald, R.},
doi = {10.1103/PhysRevLett.101.216402},
journal = {Physical Review Letters},
pages = {1--4},
volume = {101},
year = {2008}
}
@article{Annett1991,
author = {Annett, J. F. and Goldenfeld, Nigel and Renn, S.},
doi = {10.1103/PhysRevB.43.2778},
journal = {Physical Review B},
pages = {2778--2782},
volume = {43},
year = {1991}
}
@article{Takahashi2008,
author = {Takahashi, H. and Igawa, K. and Arii, K. and Kamihara, Y. and Hirano, M. and Hosono, H.},
doi = {10.1038/nature06972},
journal = {Nature},
pages = {376--8},
volume = {453},
year = {2008}
}
@article{Lynn2009,
author = {Lynn, Jeffrey W. and Dai, Pengcheng},
doi = {10.1016/j.physc.2009.03.046},
journal = {Physica C: Superconductivity},
pages = {469--476},
publisher = {Elsevier B.V.},
volume = {469},
year = {2009}
}
@article{Taillefer2006,
author = {Taillefer, Louis},
doi = {10.1038/nphys478a},
journal = {Nature Physics},
pages = {809--810},
volume = {2},
year = {2006}
}
@article{Ashkenazi2012,
author = {Ashkenazi, Josef and Johnson, Neil F.},
doi = {10.1209/0295-5075/98/47011},
journal = {Europhysics Letters},
pages = {47011},
volume = {98},
year = {2012}
}
@article{Rourke2011,
author = {Rourke, Patrick M. C. and Mouzopoulou, Ioanna and Xu, Xiaofeng and Panagopoulos, Christos and Wang, Yue and Vignolle, Baptiste and Proust, Cyril and Kurganova, Evgenia V. and Zeitler, Uli and Tanabe, Yoichi and Adachi, T. and Koike, Yoji and Hussey, Nigel E.},
doi = {10.1038/nphys1945},
journal = {Nature Physics},
pages = {10--13},
year = {2011}
}
@article{Doiron-Leyraud2007a,
author = {Doiron-Leyraud, N. and Proust, C. and LeBoeuf, D. and Levallois, J. and Bonnemaison, J-B. and Liang, R. and Bonn, D. A. and Hardy, W. and Taillefer, L.},
doi = {10.1038/nature05872},
journal = {Nature},
pages = {565--8},
volume = {447},
year = {2007}
}
@article{Rourke2010,
author = {Rourke, P. and Bangura, A. F. and Proust, C. and Levallois, J. and Doiron-Leyraud, N. and LeBoeuf, D. and Taillefer, L. and Adachi, S. and Sutherland, M. and Hussey, N.},
doi = {10.1103/PhysRevB.82.020514},
journal = {Physical Review B},
pages = {2--5},
volume = {82},
year = {2010}
}
@article{Ono2000,
author = {Ono, S. and Ando, Y. and Murayama, T. and Balakirev, F F and Betts, J. B. and Boebinger, G S},
doi = {10.1103/PhysRevLett.85.638},
journal = {Physical Review Letters},
pages = {638--641},
volume = {85},
year = {2000}
}
@article{Hohenberg1964,
author = {Hohenberg, P.},
doi = {10.1103/PhysRev.136.B864},
journal = {Physical Review},
pages = {B864--B871},
volume = {136},
year = {1964}
}
@article{Castellan2011,
author = {Castellan, J.-P. and Rosenkranz, S. and Goremychkin, E. and Chung, D. and Todorov, I. and Kanatzidis, M. and Eremin, I. and Knolle, J. and Chubukov, A. and Maiti, S. and Norman, M. and Weber, F. and Claus, H. and Guidi, T. and Bewley, R. and Osborn, R.},
doi = {10.1103/PhysRevLett.107.177003},
journal = {Physical Review Letters},
pages = {2--5},
volume = {107},
year = {2011}
}
@article{Kondo2010a,
author = {Kondo, Takeshi and Fernandes, R. M. and Khasanov, R. and Liu, Chang and Palczewski, a. D. and Ni, Ni and Shi, M. and Bostwick, A. and Rotenberg, E. and Schmalian, J. and Bud'ko, S. L. and Canfield, P. C. and Kaminski, A.},
doi = {10.1103/PhysRevB.81.060507},
journal = {Physical Review B},
pages = {1--4},
volume = {81},
year = {2010}
}
@article{Vekhter1999,
author = {Vekhter, I. and Hirschfeld, P. and Carbotte, J. and Nicol, E.},
doi = {10.1103/PhysRevB.59.R9023},
journal = {Physical Review B},
pages = {R9023--R9026},
volume = {59},
year = {1999}
}
@book{Moriya1985,
author = {Moriya, T.},
isbn = {3-540-15422-1},
pages = {25 ff.},
publisher = {Springer Verlag},
title = {Spin fluctuations in itinerant electron magnetism},
year = {1985}
}
@article{Shen2005,
author = {Shen, Kyle M and Ronning, F and Lu, D H and Baumberger, F. and Ingle, N J C and Lee, W S and Meevasana, W and Kohsaka, Y and Azuma, M and Takano, M and Takagi, H and Shen, Z-X},
doi = {10.1126/science.1103627},
journal = {Science},
pages = {901--4},
volume = {307},
year = {2005}
}
@article{Scalapino1995,
author = {Scalapino, D.J.},
doi = {10.1016/0370-1573(94)00086-I},
journal = {Physics Reports},
pages = {329--365},
volume = {250},
year = {1995}
}
@article{Allen1975,
author = {Allen, PB and Dynes, RC},
journal = {Physical Review B},
pages = {905},
volume = {12},
year = {1975}
}
@article{Phillips1964,
author = {Phillips, N. E. and Lambert, M. H. and Gardner, W. R.},
journal = {Reviews of Modern Physics},
pages = {131--134},
publisher = {APS},
volume = {36},
year = {1964}
}
@article{Norman2005,
author = {Norman, M. R. and Pines, D. and Kallin, C.},
doi = {10.1080/00018730500459906},
journal = {Advances in Physics},
pages = {715--733},
volume = {54},
year = {2005}
}
@article{Shishido2010,
author = {Shishido, H. and Bangura, A. F. and Coldea, A. I. and Tonegawa, S. and Hashimoto, K. and Kasahara, S. and Rourke, P. M. C. and Ikeda, H. and Terashima, T. and Settai, R. and Ōnuki, Y. and Vignolles, D. and Proust, C. and Vignolle, B. and McCollam, A. and Matsuda, Y. and Shibauchi, T. and Carrington, A.},
doi = {10.1103/PhysRevLett.104.057008},
journal = {Physical Review Letters},
pages = {1--4},
volume = {104},
year = {2010}
}
@article{Kivelson1997,
author = {Kivelson, S.A. and Fradkin, E. and Emery, V.J.},
doi = {10.1038/31177},
journal = {Nature},
pages = {550},
volume = {393},
year = {1997}
}
@article{Rohler2009,
author = {R\"{o}hler, J\"{u}rgen},
eprint = {0909.1702},
journal = {Physica C: Superconductivity},
pages = {6--7},
volume = {5},
year = {2009}
}
@article{Muranaka2009,
author = {Muranaka, H. and Doi, Y. and Katayama, K. and Sugawara, H. and Settai, R. and Honda, F. and Matsuda, T. D. and Haga, Y. and Yamagami, H. and Ōnuki, Y.},
doi = {10.1143/JPSJ.78.053705},
journal = {Journal of the Physical Society of Japan},
pages = {053705},
volume = {78},
year = {2009}
}
@article{Maiti2011a,
author = {Maiti, S. and Korshunov, M. and Maier, T. and Hirschfeld, P. and Chubukov, A.},
doi = {10.1103/PhysRevB.84.224505},
journal = {Physical Review B},
pages = {1--22},
volume = {84},
year = {2011}
}
@article{Froehlich1996,
author = {Froehlich, O. M and Beck, A and Gross, R and Sato, H and Naito, M},
doi = {10.1209/epl/i1996-00253-5},
journal = {Europhysics Letters},
pages = {467--472},
volume = {36},
year = {1996}
}
@article{Torardi1988a,
author = {Torardi, C. and Subramanian, M. and Calabrese, J. and Gopalakrishnan, J. and McCarron, E. and Morrissey, K. and Askew, T. and Flippen, R. and Chowdhry, U and Sleight, A.},
doi = {10.1103/PhysRevB.38.225},
journal = {Physical Review B},
pages = {225--231},
volume = {38},
year = {1988}
}
@article{Khasanov2010,
author = {Khasanov, R. and Kondo, Takeshi and Bendele, M. and Hamaya, Yoichiro and Kaminski, A. and Lee, S. and Ray, S. and Takeuchi, Tsunehiro},
doi = {10.1103/PhysRevB.82.020511},
journal = {Physical Review B},
pages = {2--5},
volume = {82},
year = {2010}
}
@incollection{Norman2007,
author = {Norman, M R},
booktitle = {Handbook of Magnetism and Advanced Magnetic Materials},
isbn = {978-0-470-02217-7},
pages = {2671 ff.},
publisher = {Wiley},
title = {High Temperature Superconductivity - Magnetic Mechanisms},
year = {2007}
}
@article{Carrington2011,
author = {Carrington, a},
doi = {10.1088/0034-4885/74/12/124507},
journal = {Reports on Progress in Physics},
pages = {124507},
volume = {74},
year = {2011}
}
@article{Goodenough2004,
author = {Goodenough, J B},
doi = {10.1088/0034-4885/67/11/R01},
journal = {Reports on Progress in Physics},
pages = {1915--1993},
volume = {67},
year = {2004}
}
@article{Manako1992,
author = {Manako, Takashi and Kubo, Yoshimi and Shimakawa, Yuichi},
doi = {10.1103/PhysRevB.46.11019},
journal = {Physical Review B},
pages = {11019--11024},
volume = {46},
year = {1992}
}
@article{Chen2005,
author = {Chen, Q and Stajic, J and Tan, S and Levin, K},
doi = {10.1016/j.physrep.2005.02.005},
eprint = {0404274v3},
journal = {Physics Reports},
pages = {1--88},
volume = {412},
year = {2005}
}
@article{Song2011,
author = {Song, Can-Li and Wang, Yi-Lin and Cheng, Peng and Jiang, Ye-Ping and Li, Wei and Zhang, Tong and Li, Zhi and He, Ke and Wang, Lili and Jia, Jin-Feng and Hung, Hsiang-Hsuan and Wu, Congjun and Ma, Xucun and Chen, Xi and Xue, Qi-Kun},
doi = {10.1126/science.1202226},
journal = {Science},
pages = {1410--3},
volume = {332},
year = {2011}
}
@article{Sebastian2012,
author = {Sebastian, Suchitra E and Harrison, Neil and Lonzarich, Gilbert G},
doi = {10.1088/0034-4885/75/10/102501},
journal = {Reports on Progress in Physics},
pages = {102501},
volume = {75},
year = {2012}
}
@article{Dodson1981,
author = {Dodson, B. W. and McMillan, W. L. and Mochel, J. M. and Dynes, R. C.},
journal = {Physical Review Letters},
pages = {46--49},
publisher = {APS},
volume = {46},
year = {1981}
}
@article{Dong2010,
author = {Dong, J. K. and Zhou, S. Y. and Guan, T. Y. and Zhang, H. and Dai, Y. F. and Qiu, X. and Wang, X. F. and He, Y. and Chen, X. H. and Li, S. Y.},
doi = {10.1103/PhysRevLett.104.087005},
journal = {Physical Review Letters},
pages = {1--4},
volume = {104},
year = {2010}
}
@article{Jiang2009,
author = {Jiang, Shuai and Xing, Hui and Xuan, Guofang and Wang, Cao and Ren, Zhi and Feng, Chunmu and Dai, Jianhui and Xu, Zhu’an and Cao, Guanghan},
doi = {10.1088/0953-8984/21/38/382203},
journal = {Journal of Physics: Condensed Matter},
pages = {382203},
volume = {21},
year = {2009}
}
@article{Yoshida2002,
author = {Yoshida, T. and Zhou, X. J. and Sasagawa, T. and Yang, W. L. and Bogdanov, P. V. and Lanzara, A. and Hussain, Z. and Mizokawa, T. and Fujimori, A. and Eisaki, H. and Shen, Z-X. and Kakeshita, T. and Uchida, S.},
doi = {10.1103/PhysRevLett.91.027001},
eprint = {0206469},
journal = {Advanced Materials},
pages = {5},
year = {2002}
}
@article{Dong2008,
author = {Dong, J. and Zhang, H. J. and Xu, G. and Li, Z. and Li, G. and Hu, W. Z. and Wu, D. and Chen, G. F. and Dai, X. and Luo, J. L. and Fang, Z. and Wang, N. L.},
doi = {10.1209/0295-5075/83/27006},
journal = {EPL (Europhysics Letters)},
pages = {27006},
volume = {83},
year = {2008}
}
@article{Suzuki2011,
author = {Suzuki, Katsuhiro and Usui, Hidetomo and Kuroki, Kazuhiko},
doi = {10.1143/JPSJ.80.013710},
journal = {Journal of the Physical Society of Japan},
pages = {013710},
volume = {80},
year = {2011}
}
@article{Phillips2009,
author = {Phillips, Philip and Choy, Ting-Pong and Leigh, Robert G},
doi = {10.1088/0034-4885/72/3/036501},
journal = {Reports on Progress in Physics},
pages = {036501},
volume = {72},
year = {2009}
}
@article{Leggett1975,
author = {Leggett, Anthony J},
doi = {10.1103/RevModPhys.47.331},
journal = {Reviews of Modern Physics},
pages = {331--414},
volume = {47},
year = {1975}
}
@article{Carrington2007,
author = {Carrington, A. and Yelland, E.},
doi = {10.1103/PhysRevB.76.140508},
journal = {Physical Review B},
pages = {3--6},
volume = {76},
year = {2007}
}
@article{Chaparro2011,
author = {Chaparro, C. and Fang, L. and Claus, H. and Rydh, A. and Crabtree, G. W. and Stanev, V. and Kwok, W. K. and Welp, U.},
eprint = {1110.3075},
journal = {arxiv.org},
pages = {20},
volume = {2},
year = {2011}
}
@article{Alloul2010,
author = {Alloul, H. and Rullier-Albenque, F. and Vignolle, B. and Colson, D. and Forget, A.},
eprint = {1006.3165},
journal = {arxiv.org},
pages = {6},
year = {2010}
}
@article{Wasserman1996,
author = {Wasserman, A and Springford, M},
doi = {10.1080/00018739600101547},
journal = {Advances in Physics},
pages = {471--503},
volume = {45},
year = {1996}
}
@phdthesis{Malone2009,
author = {Malone, L.},
title = {The Gap Symmetry of the Organic and Iron based Pnictide Superconductors},
year = {2009}
}
@article{Rice1995,
author = {Rice, T M and Sigrist, M},
doi = {10.1088/0953-8984/7/47/002},
journal = {Journal of Physics: Condensed Matter},
pages = {L643--L648},
volume = {7},
year = {1995}
}
@article{Oh2009,
author = {Oh, H. and Choi, H. J. and Louie, S. G. and Cohen, M. L.},
eprint = {0912.2450},
journal = {Science},
pages = {1--5},
volume = {5},
year = {2009}
}
@article{Rice2011,
author = {Rice, T M and Yang, Kai-yu and Zhang, F C},
eprint = {1109.0632},
journal = {Condensed Matter Physics},
pages = {66},
volume = {73},
year = {2011}
}
@article{Damascelli2003,
author = {Damascelli, A. and Shen, Z-X.},
doi = {10.1103/RevModPhys.75.473},
journal = {Reviews of Modern Physics},
pages = {473--541},
volume = {75},
year = {2003}
}
@article{Fletcher2009,
author = {Fletcher, J. and Serafin, A. and Malone, L. and Analytis, J. G. and Chu, J. H. and Erickson, A. S. and Fisher, I. R. and Carrington, A.},
doi = {10.1103/PhysRevLett.102.147001},
journal = {Physical Review Letters},
pages = {1--4},
volume = {102},
year = {2009}
}
@article{Wu2009,
author = {Wu, G and Xie, Y L and Chen, H and Zhong, M and Liu, R H and Shi, B C and Li, Q J and Wang, X F and Wu, T and Yan, Y J and Ying, J J and Chen, X H},
doi = {10.1088/0953-8984/21/14/142203},
journal = {Journal of physics. Condensed matter : an Institute of Physics journal},
pages = {142203},
volume = {21},
year = {2009}
}
@article{Sordi2012,
author = {Sordi, G. and S\'{e}mon, P. and Haule, K. and Tremblay, A.-M.},
doi = {10.1103/PhysRevLett.108.216401},
journal = {Physical Review Letters},
pages = {1--6},
volume = {108},
year = {2012}
}
@article{Ishikado2011,
author = {Ishikado, Motoyuki and Nagai, Yuki and Kodama, Katsuaki and Kajimoto, Ryoichi and Nakamura, Mitsutaka and Inamura, Yasuhiro and Wakimoto, Shuichi and Nakamura, Hiroki and Machida, Masahiko and Suzuki, Katsuhiro and Usui, Hidetomo and Kuroki, Kazuhiko and Iyo, Akira and Eisaki, Hiroshi and Arai, Masatoshi and Shamoto, Shin-ichi},
doi = {10.1103/PhysRevB.84.144517},
journal = {Physical Review B},
pages = {1--5},
volume = {84},
year = {2011}
}
@article{Kubo1991,
author = {Kubo, Y. and Shimakawa, Y. and Manako, T. and Igarashi, H.},
doi = {10.1103/PhysRevB.43.7875},
journal = {Physical Review B},
pages = {7875--7882},
volume = {43},
year = {1991}
}
@article{Olariu2010,
author = {Olariu, A. and Rullier-Albenque, F. and Colson, D. and Forget, A.},
eprint = {1012.0788},
journal = {arxiv.org},
pages = {9},
year = {2010}
}
@article{Holmes1998,
author = {Holmes, W. and Gildemeister, J. M. and Richards, P. L. and Kotsubo, V.},
doi = {10.1063/1.121269},
journal = {Applied Physics Letters},
pages = {2250},
volume = {72},
year = {1998}
}
@article{Haule2008,
author = {Haule, K. and Shim, J. H. and Kotliar, G.},
doi = {10.1103/PhysRevLett.100.226402},
journal = {Physical Review Letters},
pages = {3--6},
volume = {100},
year = {2008}
}
@article{Arnold2009,
author = {Arnold, B. J. and Krishnamurthy, Satheesh and Kennedy, Brian and Cockburn, Declan and McNally, Daniel and Lunney, James G. and Gunning, Robbie and Venkatesan, M. and Alaria, J. and Michael, J. and Coey, D. and McGuinness, Cormac and Guo, J.-H.},
doi = {10.1380/ejssnt.2009.497},
journal = {e-Journal of Surface Science and Nanotechnology},
pages = {497--502},
volume = {7},
year = {2009}
}
@article{Levy1979,
author = {Levy, M.},
doi = {10.1073/pnas.76.12.6062},
journal = {Proceedings of the National Academy of Sciences},
pages = {6062--6065},
volume = {76},
year = {1979}
}
@article{Yang2009,
author = {Yang, WL and Sorini, AP and Chen, CC and Moritz, B. and Lee, W.S. and Vernay, F. and Olalde-Velasco, P. and Denlinger, JD and Delley, B. and Chu, J.H. and Others},
journal = {Physical Review B},
pages = {14508},
publisher = {APS},
volume = {80},
year = {2009}
}
@article{Kondo2005,
author = {Kondo, Takeshi and Takeuchi, Tsunehiro and Mizutani, Uichiro and Yokoya, Takayoshi and Tsuda, Syunsuke and Shin, Shik},
doi = {10.1103/PhysRevB.72.024533},
journal = {Physical Review B},
pages = {1--9},
volume = {72},
year = {2005}
}
@article{Damascelli2000a,
author = {Damascelli, A and Lu, D. H. and Shen, K. and Armitage, N. P. and Ronning, F. and Feng, D. L. and Kim, C. and Shen, Z. X. and Kimura, T. and Tokura, Y. and Mao, Z. Q. and Maeno, Y.},
doi = {10.1103/PhysRevLett.85.5194},
journal = {Physical Review Letters},
pages = {5194--5197},
volume = {85},
year = {2000}
}
@article{Lamas2008,
author = {Lamas, C. and Cabra, D. and Grandi, N.},
doi = {10.1103/PhysRevB.78.115104},
journal = {Physical Review B},
pages = {1--8},
volume = {78},
year = {2008}
}
@article{Wang2011,
author = {Wang, Yue and Liu, Zhi-Yong and Lin, C. and Wen, Hai-Hu},
doi = {10.1103/PhysRevB.83.054509},
journal = {Physical Review B},
pages = {4--8},
volume = {83},
year = {2011}
}
@article{Sfar2005,
author = {Sfar, I. and Li, Z. Z. and Bouquet, F. and Raffy, H. and Fruchter, L.},
doi = {10.1140/epjb/e2005-00224-2},
eprint = {0505271},
year = {2005}
}
@book{Burke2003,
author = {Burke, Kieron},
title = {The ABC of DFT},
year = {2003}
}
@article{Vojta2011,
author = {Vojta, Matthias},
doi = {10.1103/Physics.4.12},
journal = {Physics},
volume = {4},
year = {2011}
}
@article{Tanatar2011,
author = {Tanatar, M A and Blomberg, E C and Kim, Hyunsoo and Cho, Kyuil and Straszheim, W E and Shen, Bing and Wen, Hai-hu and Prozorov, R},
eprint = {1106.0533},
journal = {Physics},
pages = {1--7},
year = {2011}
}
@article{Yamaji1989,
author = {Yamaji, Kunihiko},
journal = {Journal of the Physical Society of Japan},
pages = {1520--1523},
volume = {58},
year = {1989}
}
@article{Fournier2010,
author = {Fournier, D. and Levy, G. and Pennec, Y. and McChesney, J. L. and Bostwick, A. and Rotenberg, E. and Liang, R. and Hardy, W. N. and Bonn, D. a. and Elfimov, I. S. and Damascelli, A.},
doi = {10.1038/nphys1763},
journal = {Nature Physics},
pages = {905--911},
publisher = {Nature Publishing Group},
volume = {6},
year = {2010}
}
@article{Wilson2010,
author = {Wilson, John A},
doi = {10.1088/0953-8984/22/20/203201},
journal = {Journal of Physics: Condensed Matter},
pages = {203201},
volume = {22},
year = {2010}
}
@article{Rosen2011,
author = {Rosen, J A and Comin, R and Levy, G and Fournier, D and Zhu, Z. -H. and Ludbrook, B and Veenstra, C N and Wong, D and Dosanjh, P and Yoshida, Y and Eisaki, H and Petaccia, L and Damascelli, A},
eprint = {1111.2673},
pages = {1--9},
year = {2011}
}
@article{Nakai2010a,
author = {Nakai, Y. and Iye, T. and Kitagawa, S. and Ishida, K. and Ikeda, H. and Kasahara, S. and Shishido, H. and Shibauchi, T. and Matsuda, Y. and Terashima, T.},
doi = {10.1103/PhysRevLett.105.107003},
journal = {Physical Review Letters},
pages = {31--34},
volume = {105},
year = {2010}
}
@article{Lester2009,
author = {Lester, C. and Chu, J. H. and Analytis, J. G. and Capelli, S. C. and Erickson, A. and Condron, C. and Toney, M. and Fisher, I. and Hayden, S.},
doi = {10.1103/PhysRevB.79.144523},
journal = {Physical Review B},
volume = {79},
year = {2009}
}
@article{Harriger2010,
author = {Harriger, Leland W. and Luo, Huiqian and Liu, Mengshu and Perring, T. G. and Frost, C. and Hu, Jiangping and Norman, M. R. and Dai, Pengcheng},
eprint = {1011.3771},
journal = {arxiv.org},
pages = {20},
year = {2010}
}
@article{Sachdev2008,
author = {Sachdev, Subir},
doi = {10.1038/nphys894},
journal = {Nature Physics},
pages = {173--185},
volume = {4},
year = {2008}
}
@article{Granado2011,
author = {Granado, E. and Mendonca-Ferreira, L. and Garcia, F. and Azevedo, G. De M. and Fabbris, G. and Bittar, E. M. and Adriano, C. and Garitezi, T. M. and Rosa, P. F. S. and Bufaical, L. F. and Avila, M A and Terashita, H and Pagliuso, P G},
eprint = {1102.0357},
pages = {7},
year = {2011}
}
@article{Johnston2010,
author = {Johnston, David C.},
doi = {10.1080/00018732.2010.513480},
journal = {Advances in Physics},
pages = {803--1061},
volume = {59},
year = {2010}
}
@article{Hu2012,
author = {Hu, Jiangping and Hao, Ningning},
doi = {10.1103/PhysRevX.2.021009},
journal = {Physical Review X},
pages = {1--13},
volume = {2},
year = {2012}
}
@article{Yang2006,
author = {Yang, Kai-Yu and Rice, T. M. and Zhang, Fu-Chun},
doi = {10.1103/PhysRevB.73.174501},
journal = {Physical Review B},
pages = {1--10},
volume = {73},
year = {2006}
}
@article{Arnold2011,
author = {Arnold, B. J. and Kasahara, S. and Coldea, A. I. and Terashima, T. and Matsuda, Y. and Shibauchi, T. and Carrington, A.},
doi = {10.1103/PhysRevB.83.220504},
eprint = {1104.0150},
journal = {Physical Review B},
pages = {5},
volume = {83},
year = {2011}
}
@article{Carrington1992,
author = {Carrington, A. and Mackenzie, A. and Lin, C. and Cooper, J.},
doi = {10.1103/PhysRevLett.69.2855},
journal = {Physical Review Letters},
pages = {2855--2858},
volume = {69},
year = {1992}
}
@article{Fruchter2003,
author = {Fruchter, L. and Sfar, I. and Bouquet, F. and Li, Z. Z. and Raffy, H.},
doi = {10.1103/PhysRevB.69.144511},
eprint = {0310013},
journal = {Science},
pages = {1--7},
year = {2003}
}
@article{Bergemann2000,
author = {Bergemann, C. and Julian, S. R. and Mackenzie, A. P. and NishiZaki, S. and Maeno, Y.},
journal = {Physical Review Letters},
pages = {2662--5},
volume = {84},
year = {2000}
}
@article{Johannes2005,
author = {Johannes, M D and Mazin, I I and Howells, C A},
doi = {10.1103/PhysRevB.73.205102},
eprint = {0510390},
pages = {1--9},
volume = {0},
year = {2005}
}
@article{Nakayama2011a,
author = {Nakayama, K. and Sato, T. and Xu, Y.-M. -M. and Pan, Z.-H. -H. and Richard, P. and Ding, H. and Wen, H.-H. -H. and Kudo, K. and Sasaki, T. and Kobayashi, N. and Takahashi, T.},
doi = {10.1103/PhysRevB.83.224509},
eprint = {1105.5865},
journal = {Physical Review B},
pages = {224509},
publisher = {American Physical Society},
volume = {83},
year = {2011}
}
@article{Schofield1999,
author = {Schofield, a. J.},
doi = {10.1080/001075199181602},
journal = {Contemporary Physics},
pages = {95--115},
volume = {40},
year = {1999}
}
@article{Littlewood1993,
author = {Littlewood, P. B.},
doi = {10.1007/BF00728450},
journal = {Journal of Superconductivity},
pages = {511--515},
volume = {7},
year = {1994}
}
@article{Kamihara2008,
author = {Kamihara, Yoichi and Watanabe, Takumi and Hirano, Masahiro and Hosono, Hideo},
doi = {10.1021/ja800073m},
journal = {Journal of the American Chemical Society},
pages = {3296--7},
volume = {130},
year = {2008}
}
@article{Ando1997,
author = {Ando, Yoichi and Boebinger, G. and Passner, A. and Wang, N. and Geibel, C. and Steglich, F. and Trofimov, I. and Balakirev, F.},
doi = {10.1103/PhysRevB.56.R8530},
journal = {Physical Review B},
pages = {R8530--R8534},
volume = {56},
year = {1997}
}
@article{Wermbter1991a,
author = {ru Moriya, T and Ueda, Kazuo},
doi = {10.1088/0034-4885/66/8/202},
journal = {Reports on Progress in Physics},
pages = {1299--1341},
volume = {66},
year = {2003}
}
@article{Kaminski2003,
author = {Kaminski, A. and Rosenkranz, S. and Fretwell, H. and Li, Z. Z. and Raffy, H. and Randeria, M. and Norman, M. R. and Campuzano, J.},
doi = {10.1103/PhysRevLett.90.207003},
eprint = {0210531},
journal = {Physical Review Letters},
pages = {4},
volume = {90},
year = {2003}
}
@article{Ko2011,
author = {Ko, Wing-ho and Lee, Patrick A},
eprint = {1106.3108},
journal = {Review Literature And Arts Of The Americas},
pages = {9},
year = {2011}
}
@article{Maiti2011,
author = {Maiti, Saurabh and Chubukov, Andrey},
doi = {10.1103/PhysRevB.83.220508},
journal = {Physical Review B},
pages = {2--5},
volume = {83},
year = {2011}
}
@article{Quintanilla2009,
author = {Quintanilla, Jorge and Hooley, Chris},
journal = {Physics World},
pages = {32--37},
publisher = {IOP},
volume = {22},
year = {2009}
}
@article{Honma2010,
author = {Honma, Tatsuya and Hor, Pei Herng},
doi = {10.1016/j.physc.2009.11.050},
journal = {Physica C: Superconductivity},
pages = {S191--S192},
publisher = {Elsevier B.V.},
volume = {470},
year = {2010}
}
@article{Bergemann2003,
author = {Bergemann, C. and Mackenzie, a. P. and Julian, S. R. and Forsythe, D. and Ohmichi, E.},
doi = {10.1080/00018730310001621737},
journal = {Advances in Physics},
pages = {639--725},
volume = {52},
year = {2003}
}
@article{Sebastian2008a,
author = {Sebastian, S. E. and Harrison, N. and Palm, E. and Murphy, T. P. and Mielke, C. H. and Liang, R. and Bonn, D. A. and Hardy, W. and Lonzarich, G. G.},
doi = {10.1038/nature07095},
journal = {Nature},
pages = {200--3},
volume = {454},
year = {2008}
}
@article{Terashima2011,
author = {Terashima, Taichi and Kurita, Nobuyuki and Tomita, Megumi and Kihou, Kunihiro and Lee, Chul-Ho and Tomioka, Yasuhide and Ito, Toshimitsu and Iyo, Akira and Eisaki, Hiroshi and Liang, Tian and Nakajima, Masamichi and Ishida, Shigeyuki and Uchida, Shin-ichi and Harima, Hisatomo and Uji, Shinya},
doi = {10.1103/PhysRevLett.107.176402},
eprint = {1103.3329},
journal = {Physical Review Letters},
pages = {1--5},
volume = {107},
year = {2011}
}
@article{VanDerHoevenJr1965,
author = {{Van Der Hoeven Jr}, B. J. C. and Keesom, P. H.},
journal = {Physical Review},
pages = {A103},
publisher = {APS},
volume = {137},
year = {1965}
}
@article{Gustenau1997,
author = {Gustenau, E and Herzig, P and Neckel, A},
journal = {Journal of Alloys and Compounds},
pages = {516--520},
volume = {263},
year = {1997}
}
@article{Ong1991,
author = {Ong, N.},
doi = {10.1103/PhysRevB.43.193},
journal = {Physical Review B},
pages = {193--201},
volume = {43},
year = {1991}
}
@article{Tallon2001,
author = {Tallon, J},
doi = {10.1016/S0921-4534(00)01524-0},
journal = {Physica C: Superconductivity},
pages = {53--68},
volume = {349},
year = {2001}
}
@article{Damascelli2004,
author = {Damascelli, Andrea},
doi = {10.1238/Physica.Topical.109a00061},
journal = {Physica Scripta},
pages = {61},
volume = {T109},
year = {2004}
}
@article{Warren1989,
author = {Warren, W. and Walstedt, R. and Brennert, G. and Cava, R. and Tycko, R. and Bell, R. and Dabbagh, G.},
doi = {10.1103/PhysRevLett.62.1193},
journal = {Physical Review Letters},
pages = {1193--1196},
volume = {62},
year = {1989}
}
@article{Carrington2009,
author = {Carrington, A. and Coldea, A. I. and Fletcher, J. D. and Hussey, N. E. and Andrew, C. M. J. and Bangura, A. F. and Analytis, J. G. and Chu, J. H. and Erickson, A. S. and Fisher, I. R.},
doi = {10.1016/j.physc.2009.03.045},
journal = {Physica C: Superconductivity},
pages = {459--468},
publisher = {Elsevier B.V.},
volume = {469},
year = {2009}
}
@article{Lin2005,
author = {Lin, J. and Millis, A.},
doi = {10.1103/PhysRevB.72.214506},
journal = {Physical Review B},
pages = {1--9},
volume = {72},
year = {2005}
}
@article{Lee2008,
author = {Lee, Chul-Ho and Iyo, Akira and Eisaki, Hiroshi and Kito, Hijiri and Fernandez-Diaz, Maria Teresa and Ito, Toshimitsu and Kihou, Kunihiro and Matsuhata, Hirofumi and Braden, Markus and Yamada, Kazuyoshi},
doi = {10.1143/JPSJ.77.083704},
journal = {Journal of the Physical Society of Japan},
pages = {083704},
volume = {77},
year = {2008}
}
@article{Suominen2010,
author = {Suominen, Ilpo and Nieminen, Jouko and Markiewicz, R. S. and Bansil, A.},
eprint = {1012.1829},
journal = {arxiv.org},
pages = {9},
year = {2010}
}
@article{Ortenzi2009,
author = {Ortenzi, L. and Cappelluti, E. and Benfatto, L. and Pietronero, L.},
doi = {10.1103/PhysRevLett.103.046404},
journal = {Physical Review Letters},
pages = {1--4},
volume = {103},
year = {2009}
}
@article{Hirschfeld2010,
author = {Hirschfeld, Peter and Scalapino, Douglas},
doi = {10.1103/Physics.3.64},
journal = {Physics},
volume = {3},
year = {2010}
}
@phdthesis{Andrew2010,
author = {Andrew, C. M. J.},
school = {University of Bristol},
title = {The Fermi surface of iron pnictides},
year = {2010}
}
@article{Julian2007,
author = {Julian, S. R. and Norman, M. R.},
journal = {Nature},
pages = {537--539},
volume = {447},
year = {2007}
}
@article{Mackenzie1996a,
author = {Mackenzie, Ap and Julian, Sr and Sinclair, Dc and Lin, Ct},
doi = {10.1103/PhysRevB.53.5848},
journal = {Physical Review B},
pages = {5848--5855},
volume = {53},
year = {1996}
}
@article{Norman2011,
author = {Norman, M. R.},
doi = {10.1126/science.1200181},
journal = {Science},
pages = {196--200},
volume = {332},
year = {2011}
}
@article{Yamazaki2010,
author = {Yamazaki, Takehiro and Takeshita, Nao and Kobayashi, Ryosuke and Fukazawa, Hideto and Kohori, Yoh and Kihou, Kunihiro and Lee, Chul-Ho and Kito, Hijiri and Iyo, Akira and Eisaki, Hiroshi},
doi = {10.1103/PhysRevB.81.224511},
journal = {Physical Review B},
pages = {1--5},
volume = {81},
year = {2010}
}
@article{Wang2011a,
author = {Wang, F. and Lee, D.-H.},
doi = {10.1126/science.1200182},
journal = {Science},
pages = {200--204},
volume = {332},
year = {2011}
}
@article{Chien1991,
author = {Chien, T. and Wang, Z. and Ong, N.},
doi = {10.1103/PhysRevLett.67.2088},
journal = {Physical Review Letters},
pages = {2088--2091},
volume = {67},
year = {1991}
}
@article{Setyawan2010,
author = {Setyawan, Wahyu and Curtarolo, Stefano},
doi = {10.1016/j.commatsci.2010.05.010},
journal = {Computational Materials Science},
pages = {299--312},
publisher = {Elsevier B.V.},
volume = {49},
year = {2010}
}
@article{Ren2008,
author = {Ren, Zhi-An and Che, Guang-Can and Dong, Xiao-Li and Yang, Jie and Lu, Wei and Yi, Wei and Shen, Xiao-Li and Li, Zheng-Cai and Sun, Li-Ling and Zhou, Fang and Zhao, Zhong-Xian},
doi = {10.1209/0295-5075/83/17002},
journal = {EPL (Europhysics Letters)},
pages = {17002},
volume = {83},
year = {2008}
}
@article{Matsumura2010,
author = {Matsumura, Y. and Ogino, H. and Horii, S. and Katsura, Y. and Ushiyama, K. and Machida, K. and Kishio, K. and Shimoyama, J.},
doi = {10.1088/1742-6596/234/1/012025},
journal = {Journal of Physics: Conference Series},
pages = {012025},
volume = {234},
year = {2010}
}
@article{Wilson2008,
author = {Wilson, J. A.},
eprint = {0811.3096},
journal = {arxiv.org},
pages = {26},
year = {2008}
}
@article{Johannes2006,
author = {Johannes, M. and Mazin, I. and Howells, C.},
doi = {10.1103/PhysRevB.73.205102},
journal = {Physical Review B},
pages = {1--8},
volume = {73},
year = {2006}
}
@article{Flubacher1959,
author = {Flubacher, P. and Leadbetter, A. J. and Morrison, J. A.},
doi = {10.1080/14786435908233340},
journal = {Philosophical Magazine},
pages = {273--294},
volume = {4},
year = {1959}
}
@article{Norman2003,
author = {Norman, M R and P\'{e}pin, C},
doi = {10.1088/0034-4885/66/10/R01},
journal = {Reports on Progress in Physics},
pages = {1547--1610},
volume = {66},
year = {2003}
}
@article{Hussey2003b,
author = {Hussey, N.E.},
doi = {10.1140/epjb/e2003-00059-9},
journal = {The European Physical Journal B},
pages = {495--507},
volume = {31},
year = {2003}
}
@article{Konstantinovic2001,
author = {Konstantinovi\'{c}, Z. and Li, Z.Z. and Raffy, H.},
doi = {10.1016/S0921-4534(00)01733-0},
journal = {Physica C: Superconductivity},
pages = {163--168},
volume = {351},
year = {2001}
}
@article{Lee2000,
author = {Lee, Patrick A},
journal = {Nature},
pages = {467--468},
volume = {406},
year = {2000}
}
@article{Sullivan1968,
author = {Sullivan, P. F. and Seidel, G.},
journal = {Physical Review},
pages = {679--685},
publisher = {APS},
volume = {173},
year = {1968}
}
@article{Leivo1998,
author = {Leivo, M. M. and Pekola, J. P.},
doi = {10.1063/1.120979},
journal = {Applied Physics Letters},
pages = {1305},
volume = {72},
year = {1998}
}
@article{Kondo2007,
author = {Kondo, Takeshi and Takeuchi, Tsunehiro and Kaminski, Adam and Tsuda, Syunsuke and Shin, Shik},
doi = {10.1103/PhysRevLett.98.267004},
journal = {Physical Review Letters},
pages = {1--4},
volume = {98},
year = {2007}
}
@article{Woodcraft2000,
author = {Woodcraft, a},
doi = {10.1016/S0921-4526(99)02925-7},
journal = {Physica B: Condensed Matter},
pages = {1968--1969},
volume = {284-288},
year = {2000}
}
@article{Alireza2009,
author = {Alireza, Patricia L and Ko, Y T Chris and Gillett, Jack and Petrone, Chiara M and Cole, Jacqueline M and Lonzarich, Gilbert G and Sebastian, Suchitra E},
doi = {10.1088/0953-8984/21/1/012208},
journal = {Journal of Physics: Condensed Matter},
pages = {012208},
volume = {21},
year = {2009}
}
@incollection{Gold,
author = {Gold, A. V.},
booktitle = {Solid State Physics},
pages = {39--49},
publisher = {Gordon and Breach},
title = {The de Haas-van Alphen effect},
year = {1968}
}
@article{Wang2008,
author = {Wang, Cao and Li, Linjun and Chi, Shun and Zhu, Zengwei and Ren, Zhi and Li, Yuke and Wang, Yuetao and Lin, Xiao and Luo, Yongkang and Jiang, Shuai and Xu, Xiangfan and Cao, Guanghan and Xu, Zhu'an},
doi = {10.1209/0295-5075/83/67006},
journal = {EPL (Europhysics Letters)},
pages = {67006},
volume = {83},
year = {2008}
}
@article{Stewart2011,
author = {Stewart, G.},
doi = {10.1103/RevModPhys.83.1589},
journal = {Reviews of Modern Physics},
pages = {1589--1652},
volume = {83},
year = {2011}
}
@phdthesis{Mercure2010a,
author = {Mercure, J. -F.},
school = {University of St. Andrews},
title = {The de Haas van Alphen effect near a quantum critical end point in Sr_3Ru_2O_7},
year = {2010}
}
@book{Instruments1998,
publisher = {Oxford Instruments},
title = {Heliox and superconducting magnet system - Operators handbook},
year = {1998}
}
@article{Rullier-Albenque2010,
author = {Rullier-Albenque, F. and Colson, D. and Forget, A. and Thu\'{e}ry, P. and Poissonnet, S.},
doi = {10.1103/PhysRevB.81.224503},
eprint = {arXiv:1002.4952},
journal = {Physical Review B},
pages = {1--7},
volume = {81},
year = {2010}
}
@article{Yamashita2009,
author = {Yamashita, M. and Nakata, N. and Senshu, Y. and Tonegawa, S. and Ikada, K. and Hashimoto, K. and Sugawara, H. and Shibauchi, T. and Matsuda, Y.},
doi = {10.1103/PhysRevB.80.220509},
journal = {Physical Review B},
pages = {1--4},
volume = {80},
year = {2009}
}
@article{Bardeen1957,
author = {Bardeen, J. and Cooper, L. N. and Schrieffer, J. R.},
doi = {10.1103/PhysRev.108.1175},
journal = {Physical Review},
pages = {1175--1204},
publisher = {American Physical Society},
volume = {108},
year = {1957}
}
@incollection{Hayden,
author = {Hayden, S M},
booktitle = {Superconductivity},
isbn = {978-3-540-73253-2},
pages = {993--1029},
publisher = {Springer Berlin Heidelberg},
title = {Neutron Scattering and the Magnetic Response of Superconductors and Related Compounds},
year = {2008}
}
@article{Jaudet2008,
author = {Jaudet, C. and Vignolles, D. and Audouard, A. and Levallois, J. and LeBoeuf, D. and Doiron-Leyraud, N. and Vignolle, B. and Nardone, M. and Zitouni, A. and Liang, R. and Bonn, D. A. and Hardy, W. and Taillefer, L. and Proust, C.},
doi = {10.1103/PhysRevLett.100.187005},
journal = {Physical Review Letters},
pages = {2--5},
volume = {100},
year = {2008}
}
@article{Qiu2011a,
author = {Qiu, X. and Zhou, S. Y. and Zhang, H. and Pan, B. Y. and Hong, X. C. and Dai, Y. F. and Eom, Man Jin and Kim, Jun Sung and Ye, Z R and Zhang, Y and Feng, D L and Li, S Y},
eprint = {1112.2421},
journal = {arxiv.org},
pages = {5},
volume = {2},
year = {2011}
}
@article{Mazin2010,
author = {Mazin, I. I.},
doi = {10.1038/nature08914},
journal = {Nature},
pages = {183--6},
volume = {464},
year = {2010}
}
@article{VanderBeek2010,
author = {van der Beek, Cornelis and Konczykowski, Marcin and Kasahara, Shigeru and Terashima, Takahito and Okazaki, Ryuji and Shibauchi, Takasada and Matsuda, Yuji},
doi = {10.1103/PhysRevLett.105.267002},
journal = {Physical Review Letters},
pages = {4--7},
volume = {105},
year = {2010}
}
@article{Broun2008,
author = {Broun, DM},
journal = {Nature Physics},
volume = {4},
year = {2008}
}
@article{Moler1994,
author = {Moler, K. A. and Baar, D. J. and Urbach, J. S. and Liang, R. and Hardy, W. and Kapitulnik, A.},
journal = {Physical Review Letters},
pages = {2744--2747},
volume = {73},
year = {1994}
}
@article{Ishikado2010,
author = {Ishikado, Motoyuki and Nagai, Yuki and Kodama, Katsuaki and Kajimoto, Ryoichi and Nakamura, M. and Inamura, Yasuhiro and Wakimoto, Shuichi and Nakamura, Hiroki and Machida, Masahiko and Suzuki, Katsuhiro and Usui, Hidetomo and Kuroki, Kazuhiko and Iyo, Akira and Eisaki, Hiroshi and Arai, Masatoshi and Shamoto, Shin-ichi},
eprint = {1011.3191},
journal = {arxiv.org},
pages = {5},
volume = {2},
year = {2010}
}
@article{Singh1992,
author = {Singh, D.J. and Pickett, W.E.},
journal = {Physica C: Superconductivity},
pages = {193--202},
publisher = {Elsevier},
volume = {203},
year = {1992}
}
@article{Ye2011,
author = {Ye, Z. R. and Zhang, Y. and Xu, M. and Ge, Q. Q. and Chen, F. and Jiang, Juan and Xie, B. P. and Hu, J. P. and Feng, D. L.},
eprint = {1105.5242},
pages = {6},
year = {2011}
}
@article{He2002,
author = {He, H and Bourges, P and Sidis, Y and Ulrich, C and Regnault, L P and Pailh\`{e}s, S and Berzigiarova, N S and Kolesnikov, N N and Keimer, B},
doi = {10.1126/science.1067877},
journal = {Science},
pages = {1045--7},
volume = {295},
year = {2002}
}
@article{Basov2011,
author = {Basov, D. N. and Chubukov, Andrey V.},
doi = {10.1038/nphys1975},
journal = {Nature Physics},
pages = {272--276},
publisher = {Nature Publishing Group},
volume = {7},
year = {2011}
}
@article{Konstantinovic2000,
author = {Konstantinovi\'{c}, Z. and Li, Z. and Raffy, H},
doi = {10.1103/PhysRevB.62.R11989},
journal = {Physical Review B},
pages = {R11989--R11992},
volume = {62},
year = {2000}
}
@article{Harrison2007,
author = {Harrison, N. and McDonald, R. and Singleton, J.},
doi = {10.1103/PhysRevLett.99.206406},
journal = {Physical Review Letters},
pages = {1--4},
volume = {99},
year = {2007}
}
@article{Coldea2009,
author = {Coldea, Amalia and Andrew, C. M. J. and Analytis, J. G. and McDonald, R. and Bangura, A. F. and Chu, J.-H. and Fisher, I. and Carrington, A.},
doi = {10.1103/PhysRevLett.103.026404},
journal = {Physical Review Letters},
pages = {1--4},
volume = {103},
year = {2009}
}
@article{Hetel2007,
author = {Hetel, Iulian and Lemberger, Thomas R. and Randeria, Mohit},
doi = {10.1038/nphys707},
journal = {Nature Physics},
pages = {700--702},
volume = {3},
year = {2007}
}
@article{Mercure2010,
author = {Mercure, J.-F. and Rost, A. W. and O’Farrell, E. C. T. and Goh, S. K. and Perry, R. S. and Sutherland, M. L. and Grigera, S. A. and Borzi, R. A. and Gegenwart, P. and Gibbs, A. S. and Mackenzie, A. P.},
doi = {10.1103/PhysRevB.81.235103},
journal = {Physical Review B},
volume = {81},
year = {2010}
}
@article{Mazin2011,
author = {Mazin, I. I.},
doi = {10.1103/Physics.4.26},
journal = {Physics},
volume = {4},
year = {2011}
}
@article{Dahm2009,
author = {Dahm, T. and Hinkov, V. and Borisenko, S. V. and Kordyuk, a. a. and Zabolotnyy, V. B. and Fink, J. and B\"{u}chner, B. and Scalapino, D. J. and Hanke, W. and Keimer, B.},
doi = {10.1038/nphys1180},
journal = {Nature Physics},
pages = {217--221},
publisher = {Nature Publishing Group},
volume = {5},
year = {2009}
}
@article{Chatterjee2005,
author = {Chatterjee, U. and Shi, M. and Kaminski, A. and Kanigel, A. and Fretwell, H. and Terashima, K. and Takahashi, T. and Rosenkranz, S. and Li, Z. Z. and Raffy, H. and Santander-Syro, A. and Kadowaki, K. and Norman, M. R. and Randeria, M. and Campuzano, J.},
doi = {10.1103/PhysRevLett.96.107006},
eprint = {0505296},
pages = {4},
year = {2005}
}
@article{Hussey2008,
author = {Hussey, N E},
doi = {10.1088/0953-8984/20/12/123201},
journal = {Journal of Physics: Condensed Matter},
pages = {123201},
volume = {20},
year = {2008}
}
@article{Prozorov2011,
author = {Prozorov, Ruslan and Kogan, Vladimir G},
eprint = {1107.0675},
journal = {arxiv.org},
pages = {39},
year = {2011}
}
@article{Wise2009,
author = {Wise, W. D. and Chatterjee, Kamalesh and Boyer, M. C. and Kondo, Takeshi and Takeuchi, T. and Ikuta, H. and Xu, Zhijun and Wen, Jinsheng and Gu, G. D. and Wang, Yayu and Hudson, E. W.},
doi = {10.1038/nphys1197},
journal = {Nature Physics},
pages = {213--216},
volume = {5},
year = {2009}
}
@article{Jensen2011,
author = {Jensen, M. Fuglsang and Brouet, V. and Papalazarou, E. and Nicolaou, A. and Taleb-Ibrahimi, A. and Fevre, P. Le and Bertran, F. and Forget, A. and Colson, D.},
eprint = {1105.5605},
year = {2011}
}
@article{Shimakawa1994,
author = {Shimakawa, Y. and Jorgensen, J. and Manako, T. and Kubo, Y.},
doi = {10.1103/PhysRevB.50.16033},
journal = {Physical Review B},
pages = {16033--16039},
volume = {50},
year = {1994}
}
@article{Yamashita2011a,
author = {Yamashita, M. and Senshu, Y. and Shibauchi, T. and Kasahara, S. and Hashimoto, K. and Watanabe, D. and Ikeda, H. and Terashima, T. and Vekhter, I. and Vorontsov, a. B. and Matsuda, Y.},
doi = {10.1103/PhysRevB.84.060507},
journal = {Physical Review B},
pages = {1--4},
volume = {84},
year = {2011}
}
@article{Kokalj2011,
author = {Kokalj, J and McKenzie, Ross H.},
eprint = {1105.2347},
pages = {5},
year = {2011}
}
@article{Reid2010,
author = {Reid, J.-Ph. and Tanatar, M. and Luo, X. and Shakeripour, H. and Doiron-Leyraud, N. and Ni, N. and Bud'ko, S. L. and Canfield, P. and Prozorov, R. and Taillefer, Louis},
doi = {10.1103/PhysRevB.82.064501},
journal = {Physical Review B},
pages = {1--12},
volume = {82},
year = {2010}
}
@article{Palczewski2008,
author = {Palczewski, A D and Kondo, T and Khasanov, R and Kolesnikov, N N and Timonina, A V and Rotenberg, E and Ohta, T and Bendounan, A and Sassa, Y and Fedorov, A V and Pailh/'es, S. and Santander-Syro, A. F. and Chang, J. and Shi, M. and Mesot, J. and Fretwell, H. M. and Kaminski, A.},
doi = {10.1103/PhysRevB.78.054523},
eprint = {0806.3779},
journal = {Spectroscopy},
pages = {6},
year = {2008}
}
@article{Rourke2010b,
author = {Rourke, P M C and Bangura, A. F. and Benseman, T. M. and Matusiak, M and Cooper, J R and Carrington, A. and Hussey, N E},
doi = {10.1088/1367-2630/12/10/105009},
journal = {New Journal of Physics},
pages = {105009},
volume = {12},
year = {2010}
}
@article{Park2010,
author = {Park, J. and Inosov, D. and Yaresko, A. and Graser, S. and Sun, D. and Bourges, Ph. and Sidis, Y. and Li, Yuan and Kim, J.-H. and Haug, D. and Ivanov, A. and Hradil, K. and Schneidewind, A. and Link, P. and Faulhaber, E. and Glavatskyy, I. and Lin, C. and Keimer, B. and Hinkov, V.},
doi = {10.1103/PhysRevB.82.134503},
journal = {Physical Review B},
pages = {1--18},
volume = {82},
year = {2010}
}
@article{Cyr-Choiniere2009,
author = {Cyr-Choini\`{e}re, Olivier and Daou, R and Lalibert\'{e}, Francis and LeBoeuf, David and Doiron-Leyraud, Nicolas and Chang, J and Yan, J-Q and Cheng, J-G and Zhou, J-S and Goodenough, J B and Pyon, S and Takayama, T and Takagi, H and Tanaka, Y and Taillefer, Louis},
doi = {10.1038/nature07931},
journal = {Nature},
pages = {743--5},
volume = {458},
year = {2009}
}
@article{Tallon1995,
author = {Tallon, JL and Bernhard, C and Shaked, H and RL},
journal = {Physical Review},
year = {1995}
}
@article{Tesanovic2009,
author = {Tesanovic, Z},
journal = {Physics},
pages = {60},
publisher = {American Physical Society},
volume = {2},
year = {2009}
}
@book{Bruus2005,
author = {Bruus, H. and Flensberg, K.},
isbn = {0-19-856633-6},
publisher = {Oxford University Press},
title = {Many-body Quantum Theory in Condensed Matter Physics - An Introduction},
year = {2005}
}
@article{Mackenzie1996,
author = {Mackenzie, A. and Julian, S. R. and Diver, A. J. and Lonzarich, G. G. and Hussey, N. E. and Maeno, Y. and Nishizaki, S. and Fujita, T.},
doi = {10.1016/0921-4534(95)00770-9},
journal = {Physica C: Superconductivity},
pages = {510--515},
volume = {263},
year = {1996}
}
@article{Wasserman1991,
author = {Wasserman, A and Springford, M and Han, F},
journal = {Journal of Physics: \ldots},
pages = {5335--5339},
volume = {3},
year = {1991}
}
@article{Khasanova1995,
author = {Khasanova, N.R. and Antipov, E.V.},
doi = {10.1016/0921-4534(95)00172-7},
journal = {Physica C: Superconductivity},
pages = {241--252},
volume = {246},
year = {1995}
}
@article{Scalapino1999,
author = {Scalapino, D. J.},
eprint = {9908287},
pages = {9},
year = {1999}
}
@article{Miao2012,
author = {Miao, H. and Richard, P. and Tanaka, Y. and Nakayama, K. and Qian, T. and Umezawa, K. and Sato, T. and Xu, Y.-M. and Shi, Y. and Xu, N. and Wang, X.-P. and Zhang, P. and Yang, H.-B. and Xu, Z.-J. and Wen, J. and Gu, G.-D. and Dai, X. and Hu, J.-P. and Takahashi, T. and Ding, H.},
doi = {10.1103/PhysRevB.85.094506},
journal = {Physical Review B},
pages = {1--6},
volume = {85},
year = {2012}
}
@article{Service2011,
author = {Service, Robert F},
doi = {10.1126/science.332.6026.193},
journal = {Science},
pages = {193--195},
volume = {332},
year = {2011}
}
@article{Boeri2008,
author = {Boeri, L. and Dolgov, O. V. and Golubov, a. a.},
doi = {10.1103/PhysRevLett.101.026403},
journal = {Physical Review Letters},
pages = {1--4},
volume = {101},
year = {2008}
}
@article{Schwarz2003,
author = {Schwarz, K and Blaha, P},
doi = {10.1016/S0927-0256(03)00112-5},
journal = {Computational Materials Science},
pages = {259--273},
volume = {28},
year = {2003}
}
@article{Mazin2008,
author = {Mazin, I. I. and Singh, D. J. and Johannes, M. D. and Du, M. H.},
doi = {10.1103/PhysRevLett.101.057003},
journal = {Physical Review Letters},
pages = {1--4},
volume = {101},
year = {2008}
}
@article{Emery1995,
author = {Emery, V. J. and Kivelson, S. A.},
doi = {10.1038/374434a0},
journal = {Nature},
pages = {434--437},
publisher = {[London: Macmillan Journals], 1869-},
volume = {374},
year = {1995}
}
@article{Mikitik2004,
author = {Mikitik, G. and Sharlai, Yu.},
doi = {10.1103/PhysRevLett.93.106403},
journal = {Physical Review Letters},
pages = {1--4},
volume = {93},
year = {2004}
}
@article{Graser2008,
author = {Graser, S and Maier, T A and Hirschfeld, P J and Scalapino, D J},
doi = {10.1088/1367-2630/11/2/025016},
eprint = {0812.0343},
journal = {arxiv.org},
pages = {17},
year = {2008}
}
@article{Chakravarty2008,
author = {Chakravarty, S.},
journal = {Science},
pages = {735},
publisher = {Springer Verlag},
volume = {319},
year = {2008}
}
@article{Julian2011,
author = {Julian, Stephen R. and Norman, Michael R.},
doi = {10.1038/nphys1930},
journal = {Nature Physics},
pages = {191--192},
publisher = {Nature Publishing Group},
volume = {7},
year = {2011}
}
@article{Zhang2011,
author = {Zhang, Y. and Ye, Z. R. and Ge, Q. Q. and Chen, F. and Jiang, J. and Xu, M. and Xie, B. P. and Feng, D. L.},
doi = {10.1038/nphys2248},
eprint = {1109.0229},
journal = {Nature Physics},
pages = {371--375},
volume = {8},
year = {2012}
}
@article{Minakov2005,
author = {Minakov, A. A. and Roy, S. B. and Bugoslavsky, Y. V. and Cohen, L. F.},
doi = {10.1063/1.1889432},
journal = {Review of Scientific Instruments},
pages = {043906},
volume = {76},
year = {2005}
}
@article{Yong2011,
author = {Yong, Jie and Hinton, M and McCray, A. and Randeria, M and Naamneh, M and Kanigel, A. and Lemberger, T. R.},
eprint = {1109.4549},
journal = {arxiv.org},
pages = {8},
year = {2011}
}
@article{LeBoeuf2007,
author = {LeBoeuf, D. and Doiron-Leyraud, N. and Levallois, J. and Daou, R and Bonnemaison, J-B. and Hussey, N. E. and Balicas, L. and Ramshaw, B J and Liang, R. and Bonn, D. A. and Hardy, W. and Adachi, S. and Proust, C. and Taillefer, L.},
doi = {10.1038/nature06332},
journal = {Nature},
pages = {533--6},
volume = {450},
year = {2007}
}
@article{Analytis2010c,
author = {Analytis, J. G. and Chu, J. H. and McDonald, R. and Riggs, S. and Fisher, I.},
doi = {10.1103/PhysRevLett.105.207004},
journal = {Physical Review Letters},
pages = {1--4},
volume = {105},
year = {2010}
}
@article{MAZIN2008,
author = {Mazin, I. I.},
doi = {10.1016/j.physc.2007.08.015},
journal = {Physica C: Superconductivity},
pages = {105--110},
volume = {468},
year = {2008}
}
@article{Berk1966,
author = {Berk, N. and Schrieffer, J.},
doi = {10.1103/PhysRevLett.17.433},
journal = {Physical Review Letters},
pages = {433--435},
volume = {17},
year = {1966}
}
@article{Johrendt2009,
author = {Johrendt, Dirk and P\"{o}ttgen, Rainer},
doi = {10.1016/j.physc.2009.03.018},
journal = {Physica C: Superconductivity},
pages = {332--339},
volume = {469},
year = {2009}
}
@article{Iye2011,
author = {Iye, Tetsuya and Nakai, Yusuke and Kitagawa, Shunsaku and Ishida, Kenji and Kasahara, Shigeru and Shibauchi, Takasada and Matsuda, Yuji and Terashima, Takahito},
eprint = {1111.7075},
journal = {arxiv.org},
year = {2011}
}
@article{Kuroki2009,
author = {Kuroki, Kazuhiko and Usui, Hidetomo and Onari, Seiichiro and Arita, R. and Aoki, Hideo},
doi = {10.1103/PhysRevB.79.224511},
journal = {Physical Review B},
pages = {33--36},
volume = {79},
year = {2009}
}
@article{Bergeron2011,
author = {Bergeron, Dominic and Hankevych, Vasyl and Kyung, Bumsoo and Tremblay, A.-M.},
doi = {10.1103/PhysRevB.84.085128},
journal = {Physical Review B},
pages = {1--35},
volume = {84},
year = {2011}
}
@article{Norman2011b,
author = {Norman, M R},
eprint = {1108.3140},
journal = {Materials Science},
pages = {NA},
volume = {NA},
year = {2011}
}
@phdthesis{French2009,
author = {French, M. M. J.},
school = {University of Bristol},
title = {Angle dependent magnetoresistance in Tl$_2$Ba$_2$CuO$_{6+\delta}$},
year = {2009}
}
@article{Daou2008,
author = {Daou, R and Doiron-Leyraud, Nicolas and LeBoeuf, David and Li, S Y and Lalibert\'{e}, Francis and Cyr-Choini\`{e}re, Olivier and Jo, Y J and Balicas, L. and Yan, J.-Q. and Zhou, J.-S. and Goodenough, J B and Taillefer, Louis},
doi = {10.1038/nphys1109},
journal = {Nature Physics},
pages = {31--34},
volume = {5},
year = {2008}
}
@article{Kondo2004,
author = {Kondo, T and Takeuchi, Tsunehiro and Yokoya, Takayoshi and Tsuda, Syunsuke and Shin, Shik and Mizutani, Uichiro},
doi = {10.1016/j.elspec.2004.02.104},
journal = {Journal of Electron Spectroscopy and Related Phenomena},
pages = {663--668},
volume = {137-140},
year = {2004}
}
@phdthesis{Mercure2008,
author = {Mercure, J.-F.},
school = {University of St. Andrews},
title = {The de Haas-van Alphen Effect Near A Quantum Critical End Point in Sr_{3}Ru_{2}O_{7}},
year = {2008}
}
@article{Custers2003,
author = {Custers, J. and Gegenwart, P. and Wilhelm, H. and Neumaier, K. and Tokiwa, Y. and Trovarelli, O. and Geibel, C. and Steglich, F. and P\'{e}pin, C. and Coleman, P.},
doi = {10.1038/nature01774},
journal = {Nature},
pages = {524--7},
volume = {424},
year = {2003}
}
@article{Lester2010a,
author = {Lester, C. and Chu, Jiun-Haw and Analytis, J. G. and Perring, T. G. and Fisher, I. R. and Hayden, S. M.},
doi = {10.1103/PhysRevB.81.064505},
journal = {Physical Review B},
pages = {2--7},
volume = {81},
year = {2010}
}
@article{Yang2011,
author = {Yang, H.-B. and Rameau, J. and Pan, Z.-H. and Gu, G. and Johnson, P. and Claus, H. and Hinks, D. and Kidd, T.},
doi = {10.1103/PhysRevLett.107.047003},
journal = {Physical Review Letters},
pages = {1--4},
volume = {107},
year = {2011}
}
@article{Peets2010,
author = {Peets, D.C. and Liang, Ruixing and Raudsepp, Mati and Hardy, W.N. and Bonn, D. A.},
doi = {10.1016/j.jcrysgro.2009.10.042},
journal = {Journal of Crystal Growth},
pages = {344--350},
publisher = {Elsevier},
volume = {312},
year = {2010}
}
@article{Balakirev2003,
author = {Balakirev, F F and Betts, J. B. and Migliori, Albert and Ono, S and Ando, Yoichi and Boebinger, G S},
doi = {10.1038/nature01890},
journal = {Nature},
pages = {912--5},
volume = {424},
year = {2003}
}
@article{Doiron-Leyraud,
author = {Doiron-Leyraud, N. and Auban-Senzier, P. and {Rene De Cotret}, S. and Sedeki, A. and Bourbonnais, C. and Jerome, D. and Bechgaard, K. and Taillefer, L.},
journal = {arxiv.org},
}
@article{Yndurain2009,
author = {Yndurain, Felix and Soler, Jose},
doi = {10.1103/PhysRevB.79.134506},
journal = {Physical Review B},
pages = {1--5},
volume = {79},
year = {2009}
}
@article{Bednorz,
author = {Bednorz, J G and M\"{u}ller, K A},
journal = {Zeitschrift f\"{u}r Physik B Condensed Matter},
pages = {189--193},
publisher = {Springer Berlin / Heidelberg},
volume = {64},
year = {1986}
}
@article{Engelsberg1978,
author = {Engelsberg, Stanley},
doi = {10.1103/PhysRevB.18.966},
journal = {Physical Review B},
pages = {966--969},
volume = {18},
year = {1978}
}
@article{Puetter2011,
author = {Puetter, Christoph M and Kee, Hae-young},
eprint = {1101.4656},
journal = {arxiv.org},
pages = {1--8},
year = {2011}
}
@article{Shiffman1963,
author = {Shiffman, C. and Cochran, J. and Garber, M.},
doi = {10.1016/0022-3697(63)90183-5},
journal = {Journal of Physics and Chemistry of Solids},
pages = {1369--1373},
volume = {24},
year = {1963}
}
@book{Blundell2001,
author = {Blundell, S.},
publisher = {Oxford University Press},
title = {Magnetism in Condensed Matter},
year = {2001}
}
@article{Corson1999,
author = {Corson, J and Mallozzi, R and Orenstein, J},
doi = {10.1038/18402},
journal = {Nature},
pages = {221--223},
year = {1999}
}
@article{Kaminski2006,
author = {Kaminski, A. and Rosenkranz, S. and Fretwell, H. and Norman, M. R. and Randeria, M. and Campuzano, J. and Park, J-m. and Li, Z. Z. and Raffy, H.},
doi = {10.1103/PhysRevB.73.174511},
eprint = {0507106},
journal = {Physical Review B},
pages = {2--5},
volume = {73},
year = {2006}
}
@article{Phillips2003,
author = {Phillips, J C and Saxena, A and Bishop, A R},
doi = {10.1088/0034-4885/66/12/R02},
journal = {Reports on Progress in Physics},
pages = {2111--2182},
volume = {66},
year = {2003}
}
@article{Brandt1999,
author = {Brandt, B. L. and Liu, D. W. and Rubin, L. G.},
doi = {10.1063/1.1149549},
journal = {Review of Scientific Instruments},
pages = {104},
volume = {70},
year = {1999}
}
@article{Uemura2009,
author = {Uemura, Y. J.},
journal = {Nature Physics},
pages = {253--255},
volume = {8},
year = {2009}
}
@article{Taillefer2009,
author = {Taillefer, Louis},
doi = {10.1088/0953-8984/21/16/164212},
journal = {Journal of Physics: Condensed Matter},
pages = {164212},
volume = {21},
year = {2009}
}
@article{Plate2005,
author = {Plat\'{e}, M. and Mottershead, J. and Elfimov, I. and Peets, D. and Liang, R. and Bonn, D. A. and Hardy, W. and Chiuzbaian, S. and Falub, M. and Shi, M. and Patthey, L. and Damascelli, A.},
doi = {10.1103/PhysRevLett.95.077001},
journal = {Physical Review Letters},
pages = {077001},
volume = {95},
year = {2005}
}
@article{Moore2010,
author = {Moore, Joel E},
doi = {10.1038/nature08916},
journal = {Nature},
pages = {194--8},
volume = {464},
year = {2010}
}
@article{Ellis2010,
author = {Ellis, D. S. and Kim, Jungho and Hill, J. P. and Wakimoto, S. and Birgeneau, R. J. and Shvyd’ko, Y. and Casa, D. and Gog, T. and Ishii, K. and Ikeuchi, K. and Paramekanti, A. and Kim, Young-June},
doi = {10.1103/PhysRevB.81.085124},
journal = {Physical Review B},
pages = {1--12},
volume = {81},
year = {2010}
}
@article{Audouard2008,
author = {Audouard, A. and Jaudet, C. and Vignolles, D. and Liang, R.},
eprint = {arXiv:0812.0458v1},
journal = {arxiv.org},
pages = {2--5},
volume = {51},
year = {2008}
}
@article{Hwang1994,
author = {Hwang, H. and Batlogg, B. and Takagi, H. and Kao, H. and Kwo, J. and Cava, R. and Krajewski, J. and Peck, W.},
doi = {10.1103/PhysRevLett.72.2636},
journal = {Physical Review Letters},
pages = {2636--2639},
volume = {72},
year = {1994}
}
@article{Lumsden2010,
author = {Lumsden, M D and Christianson, a D},
doi = {10.1088/0953-8984/22/20/203203},
journal = {Journal of Physics: Condensed Matter},
pages = {203203},
volume = {22},
year = {2010}
}
@article{Timusk1999,
author = {Timusk, Tom and Statt, Bryan},
doi = {10.1088/0034-4885/62/1/002},
journal = {Reports on Progress in Physics},
pages = {61--122},
volume = {62},
year = {1999}
}
@article{Callaway1981,
author = {Callaway, J. and Wang, C. and Laurent, D.},
doi = {10.1103/PhysRevB.24.6491},
journal = {Physical Review B},
pages = {6491--6496},
volume = {24},
year = {1981}
}
@article{Hiragi2010,
author = {Hiragi, M. and Suzuki, K. M. and Ichioka, M. and Machida, K.},
eprint = {arXiv:1004.2332v1},
journal = {arxiv.org},
pages = {1--9},
year = {2010}
}
@article{Peets2007,
author = {Peets, D. C. and Mottershead, J. D. F. and Wu, B. and Elfimov, I. and Liang, R. and Hardy, W. and Bonn, D. A. and Raudsepp, M. and Ingle, N. J. C. and Damascelli, A.},
doi = {10.1088/1367-2630/9/2/028},
journal = {New Journal of Physics},
pages = {28--28},
volume = {9},
year = {2007}
}
@article{Norman2010,
author = {Norman, Michael},
doi = {10.1103/Physics.3.86},
journal = {Physics},
volume = {3},
year = {2010}
}
@article{Rubin1997,
author = {Rubin, L. G.},
doi = {10.1016/S0011-2275(97)00009-X},
journal = {Cryogenics},
pages = {341--356},
volume = {37},
year = {1997}
}
@article{Thompson1961,
author = {Thompson, J. and Younglove, B.},
doi = {10.1016/0022-3697(61)90146-9},
journal = {Journal of Physics and Chemistry of Solids},
pages = {146--149},
volume = {20},
year = {1961}
}
@article{Kokalj2012,
author = {Kokalj, J. and Hussey, N. and McKenzie, Ross},
doi = {10.1103/PhysRevB.86.045132},
journal = {Physical Review B},
pages = {1--16},
volume = {86},
year = {2012}
}
@article{Merino2000,
author = {Merino, Jaime and McKenzie, Ross},
doi = {10.1103/PhysRevB.62.2416},
journal = {Physical Review B},
pages = {2416--2423},
volume = {62},
year = {2000}
}
@article{Homes2004,
author = {Homes, C C and Dordevic, S V and Strongin, M and Bonn, D. A. and Liang, Ruixing},
doi = {10.1038/nature02749.1.},
journal = {Nature},
pages = {539--541},
volume = {430},
year = {2004}
}
@article{Kasahara2010,
author = {Kasahara, S. and Shibauchi, T. and Hashimoto, K. and Ikada, K. and Tonegawa, S. and Okazaki, R. and Shishido, H. and Ikeda, H. and Takeya, H. and Hirata, K. and Terashima, T. and Matsuda, Y.},
doi = {10.1103/PhysRevB.81.184519},
journal = {Physical Review B},
pages = {1--5},
volume = {81},
year = {2010}
}
@article{Kondo2009,
author = {Kondo, Takeshi and Khasanov, Rustem and Takeuchi, Tsunehiro and Schmalian, J\"{o}rg and Kaminski, Adam},
doi = {10.1038/nature07644},
journal = {Nature},
pages = {296--300},
volume = {457},
year = {2009}
}
@article{Terashima2009,
author = {Terashima, K and Sekiba, Y and Bowen, J H and Nakayama, K and Kawahara, T and Sato, T and Richard, P and Xu, Y-M and Li, L J and Cao, G H and Xu, Z-a and Ding, H and Takahashi, T},
doi = {10.1073/pnas.0900469106},
journal = {Proceedings of the National Academy of Sciences},
pages = {7330--3},
volume = {106},
year = {2009}
}
@article{Bangura2010,
author = {Rourke, P. M. C. and Bangura, A. F. and Benseman, T. M. and Matusiak, M. and Cooper, J. R. and Carrington, A. and Hussey, N. E.},
doi = {10.1088/1367-2630/12/10/105009},
eprint = {1005.0573},
journal = {New Journal of Physics},
pages = {4},
volume = {12},
year = {2010}
}
@article{Yelland2008,
author = {Yelland, E. and Singleton, J. and Mielke, C. H. and Harrison, N. and Balakirev, F F and Dabrowski, B. and Cooper, J.},
doi = {10.1103/PhysRevLett.100.047003},
journal = {Physical Review Letters},
pages = {4--7},
volume = {100},
year = {2008}
}
@article{Cho2011,
author = {Cho, A.},
doi = {10.1126/science.332.6026.190},
journal = {Science},
pages = {190--192},
volume = {332},
year = {2011}
}
@article{Sahrakorpi2006,
author = {Sahrakorpi, S. and Lin, H. and Markiewicz, R. S. and Bansil, A.},
doi = {10.1016/j.physc.2007.03.109},
eprint = {0607132},
journal = {arxiv.org},
pages = {2},
volume = {1},
year = {2006}
}
@article{VanHarlingen1994,
author = {{Van Harlingen}, D. J. and Wollman, D. A. and Ginsberg, D. M. and Leggett, A. J.},
journal = {Physica C: Superconductivity},
pages = {122--125},
publisher = {Elsevier},
volume = {235},
year = {1994}
}
@article{Analytis2010b,
author = {Analytis, J. G. and McDonald, R. and Chu, J. H. and Riggs, S. and Bangura, A. F. and Kucharczyk, C. and Johannes, M. and Fisher, I.},
doi = {10.1103/PhysRevB.80.064507},
eprint = {0902.1172},
journal = {Physical Review B},
volume = {80},
year = {2009}
}
@article{Hatton2009,
author = {Hatton, P. D. and Johnson, R. D. and Bland, S. R. and Mazzoli, C. and Beale, T. A. W. and Du, C. H. and Wilkins, S. B.},
doi = {10.1016/j.jmmm.2008.11.071},
journal = {Journal of Magnetism and Magnetic Materials},
pages = {810--813},
volume = {321},
year = {2009}
}
@article{Xu2000,
author = {Xu, Za and Ong, Np and Wang, Y and Kakeshita, T and Uchida, S},
doi = {10.1038/35020016},
journal = {Nature},
pages = {486--8},
volume = {406},
year = {2000}
}
@article{Hase1996,
author = {Hase, Izumi and Nishihara, Yoshikazu},
doi = {10.1143/JPSJ.65.3957},
journal = {Journal of the Physical Society of Japan},
pages = {3957--3963},
volume = {65},
year = {1996}
}
@article{Ding2008,
author = {Ding, H. and Richard, P. and Nakayama, K. and Sugawara, K. and Arakane, T. and Sekiba, Y. and Takayama, A. and Souma, S. and Sato, T. and Takahashi, T. and Wang, Z. and Dai, X. and Fang, Z. and Chen, G. F. and Luo, J. L. and Wang, N. L.},
doi = {10.1209/0295-5075/83/47001},
journal = {Europhysics Letters},
pages = {47001},
volume = {83},
year = {2008}
}
@article{Fisher1998,
author = {Fisher, Michael},
doi = {10.1103/RevModPhys.70.653},
journal = {Reviews of Modern Physics},
pages = {653--681},
volume = {70},
year = {1998}
}
@article{Kuroki2008,
author = {Kuroki, Kazuhiko and Onari, Seiichiro and Arita, R. and Usui, Hidetomo and Tanaka, Yukio and Kontani, Hiroshi and Aoki, Hideo},
doi = {10.1103/PhysRevLett.101.087004},
journal = {Physical Review Letters},
pages = {1--4},
volume = {101},
year = {2008}
}
@article{Carrington2005,
author = {Carrington, a. and Fletcher, J. and Harima, H.},
doi = {10.1103/PhysRevB.71.174505},
journal = {Physical Review B},
pages = {2--5},
volume = {71},
year = {2005}
}
@article{Mazin2012,
author = {Mazin, I.I.},
journal = {APS March Meeting},
year = {2012}
}
@article{Haug2010,
author = {Haug, D and Hinkov, V and Sidis, Y and Bourges, P and Christensen, N B and Ivanov, A and Keller, T and Lin, C T and Keimer, B},
doi = {10.1088/1367-2630/12/10/105006},
journal = {New Journal of Physics},
pages = {105006},
volume = {12},
year = {2010}
}
@article{Abdel-Jawad2006,
author = {Abdel-Jawad, M. and Kennett, M. P. and Balicas, L. and Carrington, A. and Mackenzie, a. P. and McKenzie, R. H. and Hussey, N. E.},
doi = {10.1038/nphys449},
journal = {Nature Physics},
pages = {821--825},
volume = {2},
year = {2006}
}
@article{Li,
author = {Li, G and Conner, B S and Weyeneth, S and Zhigadlo, N D and Katrych, S and Bukowski, Z},
eprint = {/arxiv.org/abs/1009.1408},
journal = {arxiv.org},
}
@article{Hossain2008,
author = {Hossain, M. a. and Mottershead, J. D. F. and Fournier, D. and Bostwick, A. and McChesney, J. L. and Rotenberg, E. and Liang, R. and Hardy, W. N. and Sawatzky, G. a. and Elfimov, I. S. and Bonn, D. A. and Damascelli, A.},
doi = {10.1038/nphys998},
journal = {Nature Physics},
pages = {527--531},
volume = {4},
year = {2008}
}
@article{Bangura2008,
author = {Bangura, A. F. and Fletcher, J. and Carrington, A. and Levallois, J. and Nardone, M. and Vignolle, B. and Heard, P. and Doiron-Leyraud, N. and LeBoeuf, D. and Taillefer, L. and Adachi, S. and Proust, C. and Hussey, N. E.},
doi = {10.1103/PhysRevLett.100.047004},
journal = {Physical Review Letters},
pages = {1--4},
volume = {100},
year = {2008}
}
@article{Andersen1975,
author = {Andersen, O. K.},
doi = {10.1103/PhysRevB.12.3060},
journal = {Physical Review B},
pages = {3060--3083},
volume = {12},
year = {1975}
}
@article{Carrington2012,
author = {Carrington, A.},
journal = {APS March Meeting},
year = {2012}
}
@article{Colombier2009,
author = {Colombier, E. and Bud'ko, S. L. and Ni, N. and Canfield, P.},
doi = {10.1103/PhysRevB.79.224518},
journal = {Physical Review B},
pages = {1--9},
volume = {79},
year = {2009}
}
@article{Chakravarty2011,
author = {Chakravarty, S.},
doi = {10.1088/0034-4885/74/2/022501},
journal = {Reports on Progress in Physics},
pages = {022501},
volume = {74},
year = {2011}
}
@article{Takahashi2002,
author = {Takahashi, H. and Ando, K. and Shirakawabe, Y.},
doi = {10.1016/S0304-3991(02)00083-9},
journal = {Ultramicroscopy},
pages = {63--72},
volume = {91},
year = {2002}
}
@article{Tasaki1998,
author = {Tasaki, Hal},
doi = {10.1088/0953-8984/10/20/004},
journal = {Journal of Physics: Condensed Matter},
pages = {4353--4378},
volume = {10},
year = {1998}
}
@article{Singh2009,
author = {Singh, D.J. and Du, M.-H. and Zhang, L. and Subedi, A. and An, J.},
doi = {10.1016/j.physc.2009.05.091},
journal = {Physica C: Superconductivity},
pages = {886--889},
publisher = {Elsevier B.V.},
volume = {469},
year = {2009}
}
@article{Carrington2003,
author = {Carrington, A. and Meeson, P. and Cooper, J. and Balicas, L. and Hussey, N. and Yelland, E. and Lee, S. and Yamamoto, A. and Tajima, S. and Kazakov, S. and Karpinski, J.},
doi = {10.1103/PhysRevLett.91.037003},
journal = {Physical Review Letters},
pages = {1--4},
volume = {91},
year = {2003}
}
@article{Kondo2006,
author = {Kondo, Takeshi and Takeuchi, Tsunehiro and Tsuda, Syunsuke and Shin, Shik},
doi = {10.1103/PhysRevB.74.224511},
journal = {Physical Review B},
pages = {1--9},
volume = {74},
year = {2006}
}
@article{Chubukov2010,
author = {Chubukov, A. V. and Eremin, I.},
eprint = {1006.3091},
pages = {5},
year = {2010}
}
@article{Wise2008,
author = {Wise, W. D. and Boyer, M. C. and Chatterjee, Kamalesh and Kondo, Takeshi and Takeuchi, T. and Ikuta, H. and Wang, Yayu and Hudson, E. W.},
doi = {10.1038/nphys1021},
journal = {Nature Physics},
pages = {696--699},
volume = {4},
year = {2008}
}
@article{Kim2010,
author = {Kim, M. G. and Pratt, D. K. and Rustan, G. E. and Tian, W. and Zarestky, J. L. and Thaler, A. and Bud'ko, S. L. and Canfield, P. C. and McQueeney, R. J. and Kreyssig, A. and Goldman, A. I.},
eprint = {1011.6446},
journal = {arxiv.org},
pages = {7},
year = {2010}
}
@article{Lupien1999,
author = {Lupien, C. and Ellman, B. and Grutter, P. and Taillefer, L.},
journal = {Applied Physics Letters},
pages = {451--453},
volume = {74},
year = {1999}
}
@article{Zheng2005,
author = {Zheng, Guo-qing and Kuhns, P. and Reyes, A. and Liang, B. and Lin, C.},
doi = {10.1103/PhysRevLett.94.047006},
journal = {Physical Review Letters},
pages = {4--7},
volume = {94},
year = {2005}
}
@book{Luders2010,
author = {Luders, M.},
title = {Electrons In Solids},
year = {2010}
}
@book{Annett2010,
author = {Annett, J. F.},
isbn = {978-0-19-850756-7},
pages = {22ff.},
publisher = {Oxford University Press},
title = {Superconductivity, Superfluids and Condensates},
year = {2010}
}
@article{Mazin2008a,
author = {Mazin, I. I. and Johannes, M. D.},
doi = {10.1038/nphys1160},
journal = {Nature Physics},
pages = {141--145},
publisher = {Nature Publishing Group},
volume = {5},
year = {2008}
}
@article{Sadovskii2011,
author = {Sadovskii, M V and Kuchinskii, E Z and Nekrasov, I A},
eprint = {1106.3707},
journal = {Journal of Magnetism and Magnetic Materials},
pages = {6},
year = {2011}
}
@article{Analytis2010,
author = {Analytis, J. G. and Chu, J. H. and Erickson, A. S. and Kucharczyk, C. and Serafin, A. and Carrington, A. and Cox, C. and Kauzlarich, S. M. and Hope, H. and Fisher, I. R.},
eprint = {arXiv:0810.5368v3},
journal = {Advanced Materials},
pages = {1--10},
year = {2010}
}
@article{Grant2008,
author = {Grant, Paul M},
doi = {10.1038/4531000a},
journal = {Nature},
pages = {1000--1},
publisher = {Nature Publishing Group},
volume = {453},
year = {2008}
}
@article{Hufner2008,
author = {H\"{u}fner, S and Hossain, M a and Damascelli, A and Sawatzky, G a},
doi = {10.1088/0034-4885/71/6/062501},
journal = {Reports on Progress in Physics},
pages = {062501},
volume = {71},
year = {2008}
}
@phdthesis{Taylor2007,
author = {Taylor, O.},
title = {Specific Heat Studies of the Organic Superconductors $\kappa$-(BEDT-TTF)$_2$Cu[N(CN)$_2$]Br and $\kappa$-(BEDT-TTF)$_2$Cu(NCS)$_2$},
year = {2007}
}
@article{Sebastian2008,
author = {Sebastian, Suchitra E and Gillett, J and Harrison, N and Lau, P H C and Singh, D J and Mielke, C H and Lonzarich, G G},
doi = {10.1088/0953-8984/20/42/422203},
journal = {Journal of Physics: Condensed Matter},
pages = {422203},
volume = {20},
year = {2008}
}
@article{LeTacon2011,
author = {{Le Tacon}, M. and Ghiringhelli, G. and Chaloupka, J. and Sala, M. Moretti and Hinkov, V. and Haverkort, M. W. and Minola, M. and Bakr, M. and Zhou, K. J. and Blanco-Canosa, S. and Monney, C. and Song, Y. T. and Sun, G. L. and Lin, C. T. and {De Luca}, G. M. and Salluzzo, M. and Khaliullin, G. and Schmitt, T. and Braicovich, L. and Keimer, B.},
doi = {10.1038/nphys2041},
journal = {Nature Physics},
pages = {725--730},
publisher = {Nature Publishing Group},
volume = {7},
year = {2011}
}
@article{Sigrist2010,
author = {Sigrist, Manfred},
journal = {NA},
pages = {1},
volume = {1},
year = {2010}
}
@article{Malaeb2009,
author = {Malaeb, Walid and Yoshida, Teppei and Fujimori, Atsushi and Kubota, Masato and Ono, Kanta and Kihou, Kunihiro and Shirage, Parasharam M. and Kito, Hijiri and Iyo, Akira and Eisaki, Hiroshi and Nakajima, Yasuyuki and Tamegai, Tsuyoshi and Arita, R.},
doi = {10.1143/JPSJ.78.123706},
journal = {Journal of the Physical Society of Japan},
pages = {123706},
volume = {78},
year = {2009}
}
@article{Madsen2001,
author = {Madsen, Georg and Blaha, Peter and Schwarz, Karlheinz and Sj\"{o}stedt, Elisabeth and Nordstr\"{o}m, Lars},
doi = {10.1103/PhysRevB.64.195134},
journal = {Physical Review B},
pages = {1--9},
volume = {64},
year = {2001}
}
@article{Bethoux1995,
author = {Bethoux, O. and Brusetti, R. and Lasjaunias, J. C. and Sahling, S.},
journal = {Cryogenics},
pages = {447},
volume = {35},
year = {1995}
}
@article{Glassbrenner1964,
author = {Glassbrenner, C. and Slack, GA},
journal = {Physical Review},
volume = {134},
year = {1964}
}
@book{Kittel1996,
author = {Kittel, C.},
isbn = {0 471 11181 3},
publisher = {John Wiley & Sons Inc.},
title = {Introduction To Solid State Physics},
year = {1996}
}
@article{Cohen2008,
author = {Cohen, Aron J and Mori-S\'{a}nchez, Paula and Yang, Weitao},
doi = {10.1126/science.1158722},
journal = {Science},
pages = {792--4},
volume = {321},
year = {2008}
}
@article{Senthil2008,
author = {Senthil, T.},
doi = {10.1103/PhysRevB.78.035103},
journal = {Physical Review B},
pages = {1--14},
volume = {78},
year = {2008}
}
@book{Kubler2000,
author = {Kubler, J},
isbn = {0 19 850028 9},
publisher = {Oxford University Press},
title = {Theory of Itinerant Electron Magnetism},
year = {2000}
}
@article{Paglione2010,
author = {Paglione, Johnpierre and Greene, Richard L.},
doi = {10.1038/nphys1759},
journal = {Nature Physics},
pages = {645--658},
publisher = {Nature Publishing Group},
volume = {6},
year = {2010}
}
@article{Kim2006,
author = {Kim, B. and Yu, Jaejun and Koh, H. and Nagai, I. and Ikeda, S. and Oh, S.-J. and Kim, C.},
doi = {10.1103/PhysRevLett.97.106401},
journal = {Physical Review Letters},
pages = {1--4},
volume = {97},
year = {2006}
}
@article{Attfield2010,
author = {Attfield, J. P.},
doi = {10.1039/C0JM03274C},
eprint = {1012.1771},
journal = {arxiv.org},
pages = {1--20},
year = {2010}
}
@article{Presland1991,
author = {Presland, M.R. and Tallon, J.L. and Buckley, R.G. and Liu, R.S. and Flower, N.E.},
doi = {10.1016/0921-4534(91)90700-9},
journal = {Physica C: Superconductivity},
pages = {95--105},
volume = {176},
year = {1991}
}
@article{Scalapino2010,
author = {Scalapino, Douglas J.},
doi = {10.1016/j.physc.2010.01.004},
eprint = {arXiv:1002.2413v1},
journal = {Physica C: Superconductivity},
pages = {S1--S3},
volume = {470},
year = {2010}
}
@article{Perdew1996,
author = {Perdew, John P. and Burke, Kieron and Ernzerhof, Matthias},
doi = {10.1103/PhysRevLett.77.3865},
journal = {Physical Review Letters},
pages = {3865--3868},
volume = {77},
year = {1996}
}
@article{Sahrakorpi2007,
author = {Sahrakorpi, S. and Lin, Hsin and Markiewicz, R.S. and Bansil, A.},
doi = {10.1016/j.physc.2007.03.109},
journal = {Physica C: Superconductivity},
pages = {428--429},
volume = {460-462},
year = {2007}
}
@article{Chen2010,
author = {Chen, Wei and Sushkov, Oleg P and Khaliullin, Giniyat},
eprint = {1010.5312},
journal = {arxiv.org},
pages = {10},
year = {2010}
}
@article{Dudy2010,
author = {Dudy, L and Krapf, A and Dwelk, H and Rogaschewski, S and M\"{u}ller, B. and L\"{u}bben, O. and Janowitz, C and Manzke, R},
eprint = {1012.3126},
pages = {1--13},
year = {2010}
}
@article{Safat2012a,
author = {Safat, A. S.},
eprint = {1001.3311},
journal = {APS March Meeting},
year = {2012}
}
@article{Kondo2010,
author = {Kondo, Takeshi and Hamaya, Yoichiro and Palczewski, Ari D. and Takeuchi, Tsunehiro and Wen, J. S. and Xu, Z. J. and Gu, Genda and Schmalian, J\"{o}rg and Kaminski, Adam},
doi = {10.1038/nphys1851},
journal = {Nature Physics},
pages = {21--25},
volume = {7},
year = {2010}
}
@article{Hussey2003,
author = {Hussey, N. E. and Abdel-Jawad, M. and Carrington, A. and Mackenzie, a. P. and Balicas, L.},
doi = {10.1038/nature02071.1.},
journal = {Nature},
pages = {814--817},
publisher = {Nature Publishing Group},
volume = {425},
year = {2003}
}
@article{Kurita2010,
author = {Kurita, Nobuyuki and Ronning, Filip and Miclea, Corneliu F and Bauer, Eric D. and Gofryk, Krzysztof and Thompson, J D and Movshovich, Roman},
eprint = {1012.1766},
journal = {arxiv.org},
pages = {1--7},
year = {2010}
}
@article{Perdew1986,
author = {Perdew, John P and Yue, Wang},
doi = {10.1103/PhysRevB.33.8800},
journal = {Physical Review B},
pages = {8800--8802},
volume = {33},
year = {1986}
}
@article{Wen2011,
author = {Wen, Hai-Hu and Li, Shiliang},
doi = {10.1146/annurev-conmatphys-062910-140518},
journal = {Annual Review of Condensed Matter Physics},
pages = {121--140},
volume = {2},
year = {2011}
}
@article{Wheatley1975a,
author = {Wheatley, John},
doi = {10.1103/RevModPhys.47.415},
journal = {Reviews of Modern Physics},
pages = {415--470},
volume = {47},
year = {1975}
}
@article{Neupane2011,
author = {Neupane, M. and Richard, P. and Xu, Y.-M. and Nakayama, K. and Sato, T. and Takahashi, T. and Federov, A. and Xu, G. and Dai, X. and Fang, Z. and Wang, Z. and Chen, G.-F. and Wang, N.-L. and Wen, H.-H. and Ding, H.},
doi = {10.1103/PhysRevB.83.094522},
journal = {Physical Review B},
pages = {1--6},
volume = {83},
year = {2011}
}
@article{Ando2000,
author = {Ando, Yoichi and Hanaki, Y. and Ono, S. and Murayama, T. and Segawa, Kouji and Miyamoto, N. and Komiya, Seiki},
doi = {10.1103/PhysRevB.61.R14956},
journal = {Physical Review B},
pages = {R14956--R14959},
volume = {61},
year = {2000}
}
@article{Hussey2009,
author = {Hussey, N E and Cooper, R. A. and Xu, Xiaofeng and Wang, Y and Mouzopoulou, I and Vignolle, B. and Proust, C.},
doi = {10.1098/rsta.2010.0196},
journal = {Philosophical transactions. Series A, Mathematical, physical, and engineering sciences},
pages = {1626--39},
volume = {369},
year = {2011}
}
@article{Osheroff1972,
author = {Osheroff, D. and Richardson, R. and Lee, D.},
doi = {10.1103/PhysRevLett.28.885},
journal = {Physical Review Letters},
pages = {885--888},
volume = {28},
year = {1972}
}
@article{VanderMarel2011,
author = {van der Marel, Dirk},
doi = {10.1038/nphys1890},
journal = {Nature Physics},
pages = {10--11},
publisher = {Nature Publishing Group},
volume = {7},
year = {2011}
}
@article{Hirschfeld2011,
author = {Hirschfeld, P J and Korshunov, M. M. and Mazin, I. I.},
doi = {10.1088/0034-4885/74/12/124508},
eprint = {1106.3712},
journal = {Reports on Progress in Physics},
pages = {124508},
volume = {74},
year = {2011}
}
@article{Cooper2009,
author = {Cooper, R. A. and Wang, Y. and Vignolle, B. and Lipscombe, O. J. and Hayden, S. M. and Tanabe, Y. and Adachi, T. and Koike, Y. and Nohara, M. and Takagi, H. and Proust, C. and Hussey, N. E.},
doi = {10.1126/science.1165015},
journal = {Science},
pages = {603--7},
volume = {323},
year = {2009}
}
@book{Schoenberg1984,
author = {Shoenberg, D.},
isbn = {978-0-521-11878-1},
publisher = {Cambridge University Press},
title = {Magnetic oscillations in metals},
year = {1984}
}
@article{Norman2006,
author = {Norman, M R},
eprint = {0609559},
journal = {arxiv.org},
pages = {34},
year = {2006}
}
@book{Ashcroft1976,
author = {Ashcroft, N. and Mermin, N.},
isbn = {0-03-083993-9},
publisher = {Thomson Learning},
title = {Solid State Physics},
year = {1976}
}
@article{Callaway1975,
author = {Callaway, J. and Wang, C S},
doi = {10.1088/0305-4608/5/11/024},
journal = {Journal of Physics F: Metal Physics},
pages = {2119--2128},
volume = {5},
year = {1975}
}
@article{Bellaiche2000,
author = {Bellaiche, L. and Vanderbilt, David},
doi = {10.1103/PhysRevB.61.7877},
journal = {Physical Review B},
pages = {7877--7882},
publisher = {APS},
volume = {61},
year = {2000}
}
@book{Blaha2001,
author = {Blaha, P and Schwarz, K and Madsen, G K H and Kvasnicka, D and Luitz, J},
isbn = {3-9501031-1-2},
publisher = {Karlheinz Schwarz Techn. Universitat},
title = {WIEN2K, An Augmented Plane Wave + Local Orbitals Program for Calculating Crystal Properties},
year = {2001}
}
@article{He2011,
author = {He, R.-H. and Hashimoto, M. and Karapetyan, H. and Koralek, J. D. and Hinton, J. P. and Testaud, J. P. and Nathan, V. and Yoshida, Y. and Yao, H. and Tanaka, K. and Meevasana, W. and Moore, R. G. and Lu, D. H. and Mo, S.- K. and Ishikado, M. and Eisaki, H. and Hussain, Z. and Devereaux, T. P. and Kivelson, S. a. and Orenstein, J. and Kapitulnik, A. and Shen, Z.- X.},
doi = {10.1126/science.1198415},
journal = {Science},
pages = {1579--1583},
volume = {331},
year = {2011}
}
@article{Mewis1980,
author = {Mewis, A},
journal = {Z. Naturforsch},
pages = {141},
volume = {35b},
year = {1980}
}
@article{Kohsaka2007,
author = {Kohsaka, Y and Taylor, C and Fujita, K and Schmidt, A and Lupien, C and Hanaguri, T and Azuma, M and Takano, M and Eisaki, H and Takagi, H and Uchida, S and Davis, J C},
doi = {10.1126/science.1138584},
journal = {Science},
pages = {1380--5},
volume = {315},
year = {2007}
}
@article{Orenstein2000,
author = {Orenstein, J.},
doi = {10.1126/science.288.5465.468},
journal = {Science},
pages = {468--474},
volume = {288},
year = {2000}
}
@phdthesis{Cooper2009a,
author = {Cooper, R. A.},
school = {University of Bristol},
title = {Optical and Transport Properties of the High-Temperature Cuprate Superconductor},
year = {2009}
}
@article{King2010,
author = {King, P. D. C. and Rosen, J. A. and Meevasana, W. and Tamai, A. and Rozbicki, E. and Comin, R. and Levy, G. and Fournier, D. and Yoshida, Y. and Eisaki, H. and Shen, K. M. and Ingle, N. J. C. and Damascelli, A. and Baumberger, F.},
eprint = {1012.1484},
journal = {arxiv.org},
pages = {5},
year = {2010}
}
@article{McMillan1968,
author = {McMillan, WL},
journal = {Physical Review},
pages = {331},
volume = {167},
year = {1968}
}
@article{Singh2008,
author = {Singh, D. J.},
doi = {10.1103/PhysRevB.78.094511},
journal = {Physical Review B},
pages = {1--7},
volume = {78},
year = {2008}
}
@article{Hinkov2008,
author = {Hinkov, V and Haug, D and Fauqu\'{e}, B and Bourges, P and Sidis, Y and Ivanov, A and Bernhard, C and Lin, C T and Keimer, B},
doi = {10.1126/science.1152309},
journal = {Science},
pages = {597--600},
volume = {319},
year = {2008}
}
@article{Sanna2010,
author = {Sanna, S and Rigoldi, FCA and Concas, G and Giblin, S and R},
eprint = {arXiv:1002.2610v2},
journal = {arxiv.org},
pages = {1--5},
volume = {08},
year = {2010}
}
@article{Meng2010,
author = {Meng, Jianqiao and Brunner, M. and Kim, K. -H. and Lee, H. -G. and Lee, S. -I. and Wen, J S and Xu, Z J and Gu, G D and Gweon, G. -H.},
eprint = {1010.5459},
journal = {arxiv.org},
pages = {5},
year = {2010}
}
@article{McElroy2006,
author = {McElroy, Kyle},
doi = {10.1038/nphys355},
journal = {Nature Physics},
pages = {441--442},
volume = {2},
year = {2006}
}
@article{Orenstein2010,
author = {Orenstein, J and Vishwanath, A},
doi = {10.1038/nphys1751},
journal = {Nature Physics},
pages = {566--567},
volume = {6},
year = {2010}
}
@article{Mazin2009,
author = {Mazin, I.I. and Schmalian, J.},
doi = {10.1016/j.physc.2009.03.019},
journal = {Physica C: Superconductivity},
pages = {614--627},
publisher = {Elsevier B.V.},
volume = {469},
year = {2009}
}
@article{Kubo1992,
author = {Kubo, Yoshimi and Manako, Takashi},
journal = {Physica C: Superconductivity},
pages = {378--384},
publisher = {Elsevier},
volume = {197},
year = {1992}
}
@article{Benfatto2010,
author = {Benfatto, L. and Cappelluti, E.},
eprint = {1011.5397},
journal = {arxiv.org},
pages = {11},
year = {2010}
}
@article{Hussey2011a,
author = {Hussey, N.E.},
doi = {10.1016/j.jpcs.2010.10.057},
journal = {Journal of Physics and Chemistry of Solids},
pages = {529--532},
volume = {72},
year = {2011}
}
@article{Bouzerar2010,
author = {Bouzerar, Richard and Bouzerar, Georges},
doi = {10.1209/0295-5075/92/47006},
eprint = {1012.1983},
journal = {arxiv.org},
pages = {1--5},
year = {2010}
}
@article{Chubukov2008,
author = {Chubukov, Andrey V and Pines, David},
eprint = {0201140v2},
journal = {The Physics of Conventional and Unconventional Superconductors},
publisher = {Springer-Verlag},
year = {2008}
}
@article{Revcolevschi1997,
author = {Revcolevschi, A.},
doi = {10.1016/S0079-6425(97)00022-4},
journal = {Progress in Materials Science},
pages = {321--339},
publisher = {Elsevier},
volume = {42},
year = {1997}
}
@article{Klintberg2010,
author = {Klintberg, Lina E. and Goh, Swee K. and Kasahara, Shigeru and Nakai, Yusuke and Ishida, Kenji and Sutherland, Michael and Shibauchi, Takasada and Matsuda, Yuji and Terashima, Takahito},
doi = {10.1143/JPSJ.79.123706},
eprint = {1009.2716},
journal = {Journal of the Physical Society of Japan},
pages = {5},
volume = {2},
year = {2010}
}
@article{Haverkort2010,
author = {Haverkort, M.},
doi = {10.1103/PhysRevLett.105.167404},
journal = {Physical Review Letters},
pages = {1--4},
volume = {105},
year = {2010}
}
@article{Vignolle2008,
author = {Vignolle, B. and Carrington, A. and Cooper, R. a. and French, M. M. J. and Mackenzie, a. P. and Jaudet, C. and Vignolles, D. and Proust, C. and Hussey, N. E.},
doi = {10.1038/nature07323},
journal = {Nature},
pages = {952--955},
volume = {455},
year = {2008}
}
@article{Abdel-Jawad2007,
author = {Abdel-Jawad, M. and Analytis, J. G. and Balicas, L. and Carrington, A. and Charmant, J. P. H. and French, M. M. J. and Hussey, N. E.},
doi = {10.1103/PhysRevLett.99.107002},
journal = {Physical Review Letters},
pages = {10--13},
volume = {99},
year = {2007}
}
@article{Rotter2010,
author = {Rotter, Marianne and Hieke, Christine and Johrendt, Dirk},
doi = {10.1103/PhysRevB.82.014513},
eprint = {arXiv:1005.1411v2},
journal = {Physical Review B},
pages = {1--7},
volume = {82},
year = {2010}
}
@article{Wang1993,
author = {Wang, X. X. and Martoff, C. J. and Kaczanowicz, E.},
journal = {Journal of Low Temperature Physics},
pages = {349--354},
publisher = {Springer},
volume = {93},
year = {1993}
}
@article{Narduzzo2008,
author = {Narduzzo, a. and Albert, G. and French, M. and Mangkorntong, N. and Nohara, M. and Takagi, H. and Hussey, N.},
doi = {10.1103/PhysRevB.77.220502},
journal = {Physical Review B},
pages = {4--7},
volume = {77},
year = {2008}
}
@book{Zinn-Justin2007,
author = {Zinn-Justin, J},
isbn = {0199227195},
pages = {1--17},
publisher = {Oxford University Press},
title = {Phase Transitions and Renormalization Group},
year = {2007}
}
@article{Hashimoto2012,
author = {Hashimoto, K. and Kasahara, S. and Katsumata, R. and Mizukami, Y. and Yamashita, M. and Ikeda, H. and Terashima, T. and Carrington, A. and Matsuda, Y. and Shibauchi, T.},
doi = {10.1103/PhysRevLett.108.047003},
journal = {Physical Review Letters},
pages = {1--5},
volume = {108},
year = {2012}
}
@article{Broyden1965,
author = {Broyden, C. G.},
doi = {10.2307/2003941},
journal = {Mathematics of Computation},
pages = {577},
volume = {19},
year = {1965}
}
@article{Yoshida2010,
author = {Yoshida, T. and Nishi, I. and Ideta, S. and Fujimori, A. and Kubota, M. and Ono, K. and Kasahara, S. and Shibauchi, T. and Terashima, T. and Matsuda, Y. and Ikeda, H. and Arita, R.},
doi = {10.1103/PhysRevLett.106.117001},
eprint = {1008.2080},
journal = {Physical Review Letters},
pages = {4},
volume = {106},
year = {2011}
}
@article{Elfimov2007,
author = {Elfimov, I. and Sawatzky, G A and Damascelli, A.},
doi = {10.1103/PhysRevB.77.060504},
eprint = {0706.4276},
pages = {1--5},
volume = {1},
year = {2007}
}
@article{Mittal2011,
author = {Mittal, R. and Mishra, S. and Chaplot, S. and Ovsyannikov, S. and Greenberg, E. and Trots, D. and Dubrovinsky, L. and Su, Y. and Brueckel, Th. and Matsuishi, S. and Hosono, H. and Garbarino, G.},
doi = {10.1103/PhysRevB.83.054503},
journal = {Physical Review B},
pages = {1--11},
volume = {83},
year = {2011}
}
@article{Jia2011,
author = {Jia, C J and Chen, C. -C. and Sorini, A P and Moritz, B and Devereaux, T P},
eprint = {1109.3446},
journal = {arxiv.org},
pages = {4},
year = {2011}
}
@article{Drotziger2010,
author = {Drotziger, S. and Schweiss, P. and Grube, K. and Wolf, T. and Adelmann, P. and Meingast, C. and L\"{o}hneysen, H. V.},
eprint = {1010.3863},
journal = {arxiv.org},
pages = {14},
volume = {2},
year = {2010}
}
@article{Damascelli2003a,
author = {Damascelli, A. and Shen, Z-X.},
doi = {10.1103/RevModPhys.75.473},
journal = {Reviews of Modern Physics},
pages = {473--541},
volume = {75},
year = {2003}
}
@article{Bangura2008a,
author = {Bangura, A. F. and Fletcher, J. and Carrington, a. and Levallois, J. and Nardone, M. and Vignolle, B. and Heard, P. and Doiron-Leyraud, N. and LeBoeuf, D. and Taillefer, L. and Adachi, S. and Proust, C. and Hussey, N. E.},
doi = {10.1103/PhysRevLett.100.047004},
journal = {Physical Review Letters},
pages = {1--4},
volume = {100},
year = {2008}
}
@article{Chakravarty2008a,
author = {Chakravarty, S.},
journal = {Science},
pages = {735},
publisher = {Springer Verlag},
volume = {319},
year = {2008}
}
@article{Yelland2008a,
author = {Yelland, E. and Singleton, J. and Mielke, C. H. and Harrison, N. and Balakirev, F. and Dabrowski, B. and Cooper, J.},
doi = {10.1103/PhysRevLett.100.047003},
journal = {Physical Review Letters},
pages = {4--7},
volume = {100},
year = {2008}
}
@article{VanHarlingen1994,
author = {{Van Harlingen}, D. J. and Wollman, D. A. and Ginsberg, D. M. and Leggett, A. J.},
journal = {Physica C: Superconductivity},
pages = {122--125},
publisher = {Elsevier},
volume = {235},
year = {1994}
}
@article{Doiron-Leyraud2007b,
author = {Doiron-Leyraud, N. and Proust, C. and LeBoeuf, D. and Levallois, J. and Bonnemaison, J-B. and Liang, R. and Bonn, D. and Hardy, W. and Taillefer, L.},
doi = {10.1038/nature05872},
journal = {Nature},
pages = {565--8},
volume = {447},
year = {2007}
}
@article{LeBoeuf2007a,
author = {LeBoeuf, D. and Doiron-Leyraud, N. and Levallois, J. and Daou, R and Bonnemaison, J-B. and Hussey, N. E. and Balicas, L. and Ramshaw, B J and Liang, R. and Bonn, D. and Hardy, W. and Adachi, S. and Proust, C. and Taillefer, L.},
doi = {10.1038/nature06332},
journal = {Nature},
pages = {533--6},
volume = {450},
year = {2007}
}
@article{Takahashi2008,
author = {Takahashi, H. and Igawa, K. and Arii, K. and Kamihara, Y. and Hirano, M. and Hosono, H.},
doi = {10.1038/nature06972},
journal = {Nature},
pages = {376--8},
volume = {453},
year = {2008}
}
@article{Vignolle2008a,
author = {Vignolle, B. and Carrington, a. and Cooper, R. a. and French, M. M. J. and Mackenzie, a. P. and Jaudet, C. and Vignolles, D. and Proust, C. and Hussey, N. E.},
doi = {10.1038/nature07323},
journal = {Nature},
pages = {952--955},
volume = {455},
year = {2008}
}
@article{Abdel-Jawad2007a,
author = {Abdel-Jawad, M. and Analytis, J. G. and Balicas, L. and Carrington, a. and Charmant, J. P. H. and French, M. M. J. and Hussey, N. E.},
doi = {10.1103/PhysRevLett.99.107002},
journal = {Physical Review Letters},
pages = {10--13},
volume = {99},
year = {2007}
}
@article{Tallon1995a,
author = {Tallon, JL and Bernhard, C and Shaked, H and RL},
journal = {Physical Review},
year = {1995}
}
@article{Sebastian2008b,
author = {Sebastian, S. E. and Harrison, N. and Palm, E. and Murphy, T. P. and Mielke, C. H. and Liang, R. and Bonn, D. and Hardy, W. and Lonzarich, G. G.},
doi = {10.1038/nature07095},
journal = {Nature},
pages = {200--3},
volume = {454},
year = {2008}
}
@article{Julian2007a,
author = {Julian, S. R. and Norman, M. R.},
journal = {Nature},
pages = {537--539},
volume = {447},
year = {2007}
}
@article{Carrington2007a,
author = {Carrington, a. and Yelland, E.},
doi = {10.1103/PhysRevB.76.140508},
journal = {Physical Review B},
pages = {3--6},
volume = {76},
year = {2007}
}
@article{Jaudet2008a,
author = {Jaudet, C. and Vignolles, D. and Audouard, A. and Levallois, J. and LeBoeuf, D. and Doiron-Leyraud, N. and Vignolle, B. and Nardone, M. and Zitouni, A. and Liang, R. and Bonn, D. and Hardy, W. and Taillefer, L. and Proust, C.},
doi = {10.1103/PhysRevLett.100.187005},
journal = {Physical Review Letters},
pages = {2--5},
volume = {100},
year = {2008}
}
@article{Harrison2007a,
author = {Harrison, N. and McDonald, R. and Singleton, J.},
doi = {10.1103/PhysRevLett.99.206406},
journal = {Physical Review Letters},
pages = {1--4},
volume = {99},
year = {2007}
}
@article{Hussey2003a,
author = {Hussey, N. E. and Abdel-Jawad, M. and Carrington, A. and Mackenzie, a. P. and Balicas, L.},
doi = {10.1038/nature02071.1.},
journal = {Nature},
pages = {814--817},
publisher = {Nature Publishing Group},
volume = {425},
year = {2003}
}
@article{Abdel-Jawad2006a,
author = {Abdel-Jawad, M. and Kennett, M. P. and Balicas, L. and Carrington, a. and Mackenzie, a. P. and McKenzie, R. H. and Hussey, N. E.},
doi = {10.1038/nphys449},
journal = {Nature Physics},
pages = {821--825},
volume = {2},
year = {2006}
}
@article{Analytis2009,
author = {Analytis, J. G. and Andrew, C. and Coldea, A. I. and McCollam, A. and Chu, J. H. and McDonald, R. and Fisher, I. R. and Carrington, A.},
journal = {Physical Review Letters},
pages = {1--4},
volume = {103},
year = {2009}
}
@article{Kurita2010,
author = {Kurita, Nobuyuki and Ronning, Filip and Miclea, Corneliu F and Bauer, Eric D. and Gofryk, Krzysztof and Thompson, J D and Movshovich, Roman},
journal = {arxiv.org},
pages = {1--7},
year = {2010}
}
@article{Yamaji1989,
author = {Yamaji, Kunihiko},
journal = {Journal of the Physical Society of Japan},
pages = {1520--1523},
volume = {58},
year = {1989}
}
@article{Analytis,
author = {Analytis, J G and Mcdonald, R D and Riggs, S C and Fisher, I R},
journal = {arxiv.org},
pages = {1--5},
volume = {2}
}
@article{Klintberg2010,
author = {Klintberg, Lina E and Goh, Swee K and Kasahara, Shigeru and Nakai, Yusuke and Ishida, Kenji and Sutherland, Michael and Shibauchi, Takasada and Matsuda, Yuji and Terashima, Takahito},
pages = {5},
volume = {2},
year = {2010}
}
@article{Yang2009,
author = {Yang, WL and Sorini, AP and Chen, CC and Moritz, B. and Lee, W.S. and Vernay, F. and Olalde-Velasco, P. and Denlinger, JD and Delley, B. and Chu, J.H. and Others},
journal = {Physical Review B},
pages = {14508},
publisher = {APS},
volume = {80},
year = {2009}
}
@article{Carrington2003,
author = {Carrington, a. and Meeson, P. and Cooper, J. and Balicas, L. and Hussey, N. and Yelland, E. and Lee, S. and Yamamoto, A. and Tajima, S. and Kazakov, S. and Karpinski, J.},
journal = {Physical Review Letters},
pages = {1--4},
volume = {91},
year = {2003}
}
@article{Ortenzi2009,
author = {Ortenzi, L. and Cappelluti, E. and Benfatto, L. and Pietronero, L.},
journal = {Physical Review Letters},
pages = {1--4},
volume = {103},
year = {2009}
}
@article{Kim2010,
author = {Kim, M. G. and Pratt, D. K. and Rustan, G. E. and Tian, W. and Zarestky, J. L. and Thaler, A. and Bud'ko, S. L. and Canfield, P. C. and McQueeney, R. J. and Kreyssig, A. and Goldman, A. I.},
journal = {arxiv.org},
pages = {7},
year = {2010}
}
@article{Gustenau1997,
author = {Gustenau, E and Herzig, P and Neckel, A},
journal = {Journal of Alloys and Compounds},
pages = {516--520},
volume = {263},
year = {1997}
}
@article{Graser2008,
author = {Graser, S and Maier, T A and Hirschfeld, P J and Scalapino, D J},
journal = {arxiv.org},
pages = {17},
year = {2008}
}
@article{Harriger2010,
author = {Harriger, Leland W. and Luo, Huiqian and Liu, Mengshu and Perring, T. G. and Frost, C. and Hu, Jiangping and Norman, M. R. and Dai, Pengcheng},
journal = {arxiv.org},
pages = {20},
year = {2010}
}
@article{Rotter2010,
author = {Rotter, Marianne and Hieke, Christine and Johrendt, Dirk},
journal = {arxiv.org},
pages = {1--7},
volume = {2},
year = {2010}
}
@article{Benfatto2010,
author = {Benfatto, L and Cappelluti, E},
journal = {arxiv.org},
pages = {11},
year = {2010}
}
@article{Li,
author = {Li, G and Conner, B S and Weyeneth, S and Zhigadlo, N D and Katrych, S and Bukowski, Z},
journal = {arxiv.org},
}
@article{Kasahara2009,
author = {Kasahara, S. and Shibauchi, T. and Hashimoto, K. and Ikada, K. and Tonegawa, S. and Ikeda, H. and Takeya, H and Hirata, K and Terashima, T. and Matsuda, Y.},
journal = {arxiv.org},
pages = {1--4},
volume = {2},
year = {2009}
}
@article{Johannes2005,
author = {Johannes, M D and Mazin, I I and Howells, C A},
pages = {1--9},
volume = {0},
year = {2005}
}
@article{Rourke2010a,
author = {Rourke, P M C and Bangura, A F and Benseman, T M and Matusiak, M and Cooper, J R and Carrington, A and Hussey, N E},
journal = {New Journal Physics},
pages = {1--31},
year = {2010}
}
@article{Shishido2010,
author = {Shishido, H. and Bangura, A. F. and Coldea, A. I. and Tonegawa, S. and Hashimoto, K. and Kasahara, S. and Rourke, P. M. C. and Ikeda, H. and Terashima, T. and Settai, R. and Ōnuki, Y. and Vignolles, D. and Proust, C. and Vignolle, B. and McCollam, A. and Matsuda, Y. and Shibauchi, T. and Carrington, A.},
journal = {Physical Review Letters},
pages = {1--4},
volume = {104},
year = {2010}
}
@article{Olariu2010,
author = {Olariu, A. and Rullier-Albenque, F. and Colson, D. and Forget, A.},
journal = {arxiv.org},
pages = {9},
year = {2010}
}
@article{Thompson1961,
author = {Thompson, J. and Younglove, B.},
doi = {10.1016/0022-3697(61)90146-9},
journal = {Journal of Physics and Chemistry of Solids},
pages = {146--149},
volume = {20},
year = {1961}
}
@article{Leivo1998,
author = {Leivo, M. M. and Pekola, J. P.},
doi = {10.1063/1.120979},
journal = {Applied Physics Letters},
pages = {1305},
volume = {72},
year = {1998}
}
@article{Bethoux1995,
author = {Bethoux, O. and Brusetti, R. and Lasjaunias, J. C. and Sahling, S.},
journal = {Cryogenics},
pages = {447},
volume = {35},
year = {1995}
}
@article{Dodson1981,
author = {Dodson, B. W. and McMillan, W. L. and Mochel, J. M. and Dynes, R. C.},
journal = {Physical Review Letters},
pages = {46--49},
publisher = {APS},
volume = {46},
year = {1981}
}
@article{Rubin1997,
author = {Rubin, L. G.},
doi = {10.1016/S0011-2275(97)00009-X},
journal = {Cryogenics},
pages = {341--356},
volume = {37},
year = {1997}
}
@article{Flubacher1959,
author = {Flubacher, P. and Leadbetter, A. J. and Morrison, J. A.},
doi = {10.1080/14786435908233340},
journal = {Philosophical Magazine},
pages = {273--294},
volume = {4},
year = {1959}
}
@article{Minakov2005,
author = {Minakov, A. A. and Roy, S. B. and Bugoslavsky, Y. V. and Cohen, L. F.},
doi = {10.1063/1.1889432},
journal = {Review of Scientific Instruments},
pages = {043906},
volume = {76},
year = {2005}
}
@article{Glassbrenner1964,
author = {Glassbrenner, C. and Slack, GA},
journal = {Physical Review},
volume = {134},
year = {1964}
}
@article{Audouard2008,
author = {Audouard, A. and Jaudet, C. and Vignolles, D. and Liang, R.},
eprint = {arXiv:0812.0458v1},
journal = {arxiv.org},
pages = {2--5},
volume = {51},
year = {2008}
}
@article{Wang1993,
author = {Wang, X. X. and Martoff, C. J. and Kaczanowicz, E.},
journal = {Journal of Low Temperature Physics},
pages = {349--354},
publisher = {Springer},
volume = {93},
year = {1993}
}
@article{Woodcraft2000,
author = {Woodcraft, a},
doi = {10.1016/S0921-4526(99)02925-7},
journal = {Physica B: Condensed Matter},
pages = {1968--1969},
volume = {284-288},
year = {2000}
}
@article{Holmes1998,
author = {Holmes, W. and Gildemeister, J. M. and Richards, P. L. and Kotsubo, V.},
doi = {10.1063/1.121269},
journal = {Applied Physics Letters},
pages = {2250},
volume = {72},
year = {1998}
}
