Resistance/temperature relation
@inbook{Grimvall:1981,
  author = {G. Grimvall},
  title = {The electron phonon interaction in metals},
  year = {1981},
  pages = {224},
  series = {Selected topics in solid state physics},
  publisher = {North-Holland}
}
