@article{Paglione2010,
author = {Paglione, Johnpierre and Greene, Richard L.},
doi = {10.1038/nphys1759},
file = {:C$\backslash$:/PhD/Reference/Papers/Nature Physics/Paglione, Greene - 2010 - Nature Physics.pdf:pdf},
issn = {1745-2473},
journal = {Nature Physics},
keywords = {Introduction,Pnictide,Review,Series},
mendeley-tags = {Introduction,Pnictide,Review,Series},
month = aug,
number = {9},
pages = {645--658},
publisher = {Nature Publishing Group},
title = {{High-temperature superconductivity in iron-based materials}},
url = {http://www.nature.com/doifinder/10.1038/nphys1759},
volume = {6},
year = {2010}
}
